datetime_et,price,size,exchange,conditions,dt_diff_s
2024-03-11 09:30:05-04:00,510.47,1.0,4,"[10, 37, 41]",
2024-03-11 09:30:07-04:00,510.595,1.0,4,[37],2.0
2024-03-11 09:30:08-04:00,510.47,1.0,4,[37],1.0
2024-03-11 09:30:15-04:00,510.72,100.0,11,,7.0
2024-03-11 09:30:15-04:00,510.72,16.0,11,[37],0.0
2024-03-11 09:30:15-04:00,510.72,84.0,11,"[14, 37, 41]",0.0
2024-03-11 09:30:20-04:00,510.78,100.0,19,,5.0
2024-03-11 09:30:20-04:00,510.78,100.0,11,,0.0
2024-03-11 09:30:20-04:00,510.78,95.0,8,[37],0.0
2024-03-11 09:30:20-04:00,510.78,100.0,8,,0.0
2024-03-11 09:30:20-04:00,510.78,3.0,12,[37],0.0
2024-03-11 09:30:20-04:00,510.78,94.0,19,[37],0.0
2024-03-11 09:30:20-04:00,510.78,97.0,12,[37],0.0
2024-03-11 09:30:20-04:00,510.78,5.0,8,[37],0.0
2024-03-11 09:30:20-04:00,510.78,6.0,19,[37],0.0
2024-03-11 09:30:25-04:00,510.75,100.0,11,,5.0
2024-03-11 09:30:30-04:00,510.77,200.0,11,,5.0
2024-03-11 09:30:30-04:00,510.78,100.0,11,,0.0
2024-03-11 09:30:32-04:00,510.806,100.0,4,,2.0
2024-03-11 09:30:35-04:00,510.83,100.0,11,,3.0
2024-03-11 09:30:35-04:00,510.82,100.0,21,[14],0.0
2024-03-11 09:30:45-04:00,510.84,100.0,11,,10.0
2024-03-11 09:30:49-04:00,510.86,100.0,21,[14],4.0
2024-03-11 09:30:50-04:00,510.906,1.0,4,[37],1.0
2024-03-11 09:31:00-04:00,510.9,53.0,11,[37],10.0
2024-03-11 09:31:00-04:00,510.89,100.0,10,,0.0
2024-03-11 09:31:00-04:00,510.89,100.0,12,,0.0
2024-03-11 09:31:05-04:00,510.84,100.0,11,,5.0
2024-03-11 09:31:05-04:00,510.84,64.0,11,[37],0.0
2024-03-11 09:31:05-04:00,510.84,30.0,11,[37],0.0
2024-03-11 09:31:05-04:00,510.84,29.0,18,[37],0.0
2024-03-11 09:31:15-04:00,510.88,100.0,11,,10.0
2024-03-11 09:31:15-04:00,510.87,5.0,12,[37],0.0
2024-03-11 09:31:20-04:00,510.93,100.0,11,,5.0
2024-03-11 09:31:20-04:00,510.92,37.0,19,[37],0.0
2024-03-11 09:31:25-04:00,510.86,100.0,11,,5.0
2024-03-11 09:31:25-04:00,510.86,3.0,11,[37],0.0
2024-03-11 09:31:25-04:00,510.86,76.0,11,[37],0.0
2024-03-11 09:31:30-04:00,510.67,1.0,11,[37],5.0
2024-03-11 09:32:42-04:00,510.405,2052.0,4,,72.0
2024-03-11 09:32:42-04:00,510.405,493.0,4,,0.0
2024-03-11 09:32:43-04:00,510.35,100.0,12,"[14, 41]",1.0
2024-03-11 09:32:44-04:00,510.32,100.0,12,"[14, 41]",1.0
2024-03-11 09:32:44-04:00,510.32,110.0,12,"[14, 41]",0.0
2024-03-11 09:32:44-04:00,510.32,100.0,20,"[14, 41]",0.0
2024-03-11 09:32:48-04:00,510.348,1.0,4,[37],4.0
2024-03-11 09:33:00-04:00,510.58,100.0,11,,12.0
2024-03-11 09:33:00-04:00,510.58,92.0,11,[37],0.0
2024-03-11 09:33:06-04:00,510.4,3.0,11,[37],6.0
2024-03-11 09:33:06-04:00,510.4,25.0,11,[37],0.0
2024-03-11 09:33:12-04:00,510.56,100.0,11,,6.0
2024-03-11 09:33:12-04:00,510.56,200.0,10,,0.0
2024-03-11 09:33:12-04:00,510.56,5.0,21,[37],0.0
2024-03-11 09:33:12-04:00,510.56,100.0,21,,0.0
2024-03-11 09:33:12-04:00,510.56,100.0,19,,0.0
2024-03-11 09:33:12-04:00,510.57,100.0,8,,0.0
2024-03-11 09:33:12-04:00,510.56,100.0,8,,0.0
2024-03-11 09:33:18-04:00,510.47,8.0,11,"[14, 37, 41]",6.0
2024-03-11 09:33:24-04:00,510.5,100.0,11,,6.0
2024-03-11 09:33:27-04:00,510.48,53.0,11,[37],3.0
2024-03-11 09:33:27-04:00,510.48,100.0,11,,0.0
2024-03-11 09:33:33-04:00,510.56,100.0,21,,6.0
2024-03-11 09:33:33-04:00,510.56,3.0,21,"[14, 37, 41]",0.0
2024-03-11 09:33:33-04:00,510.56,300.0,21,[14],0.0
2024-03-11 09:33:33-04:00,510.55,100.0,18,"[14, 41]",0.0
2024-03-11 09:33:33-04:00,510.56,200.0,21,[14],0.0
2024-03-11 09:33:33-04:00,510.56,100.0,21,[14],0.0
2024-03-11 09:33:39-04:00,510.47,100.0,11,,6.0
2024-03-11 09:33:42-04:00,510.41,100.0,11,,3.0
2024-03-11 09:33:44-04:00,510.43,77.0,19,"[14, 37, 41]",2.0
2024-03-11 09:33:45-04:00,510.41,100.0,11,,1.0
2024-03-11 09:33:45-04:00,510.41,10.0,11,[37],0.0
2024-03-11 09:33:45-04:00,510.41,10.0,18,[37],0.0
2024-03-11 09:33:47-04:00,510.245,3.0,4,[37],2.0
2024-03-11 09:33:54-04:00,510.21,100.0,11,,7.0
2024-03-11 09:33:57-04:00,510.2,10.0,18,[37],3.0
2024-03-11 09:33:57-04:00,510.2,10.0,11,[37],0.0
2024-03-11 09:33:57-04:00,510.2,100.0,11,,0.0
2024-03-11 09:34:00-04:00,510.28,100.0,11,,3.0
2024-03-11 09:34:00-04:00,510.28,10.0,11,[37],0.0
2024-03-11 09:34:00-04:00,510.285,10.0,18,[37],0.0
2024-03-11 09:34:03-04:00,510.45,100.0,11,,3.0
2024-03-11 09:34:03-04:00,510.45,92.0,11,[37],0.0
2024-03-11 09:34:06-04:00,510.39,100.0,11,"[14, 41]",3.0
2024-03-11 09:34:06-04:00,510.39,100.0,11,,0.0
2024-03-11 09:34:06-04:00,510.4,117.0,10,,0.0
2024-03-11 09:34:06-04:00,510.39,92.0,11,[37],0.0
2024-03-11 09:34:06-04:00,510.4,100.0,11,,0.0
2024-03-11 09:34:12-04:00,510.42,3.0,21,"[14, 37, 41]",6.0
2024-03-11 09:34:12-04:00,510.41,100.0,11,,0.0
2024-03-11 09:34:18-04:00,510.57,100.0,11,,6.0
2024-03-11 09:34:18-04:00,510.57,192.0,11,,0.0
2024-03-11 09:34:24-04:00,510.5,100.0,11,,6.0
2024-03-11 09:34:27-04:00,510.34,92.0,11,[37],3.0
2024-03-11 09:34:27-04:00,510.34,100.0,11,,0.0
2024-03-11 09:34:30-04:00,510.36,100.0,11,,3.0
2024-03-11 09:34:33-04:00,510.29,100.0,11,,3.0
2024-03-11 09:34:39-04:00,510.22,100.0,11,,6.0
2024-03-11 09:34:39-04:00,510.22,133.0,11,,0.0
2024-03-11 09:34:45-04:00,510.34,100.0,11,,6.0
2024-03-11 09:34:48-04:00,510.31,100.0,11,,3.0
2024-03-11 09:34:54-04:00,510.27,92.0,11,[37],6.0
2024-03-11 09:34:54-04:00,510.27,100.0,11,,0.0
2024-03-11 09:34:57-04:00,510.22,100.0,19,,3.0
2024-03-11 09:34:57-04:00,510.22,100.0,11,,0.0
2024-03-11 09:34:57-04:00,510.22,200.0,11,,0.0
2024-03-11 09:35:03-04:00,510.2,100.0,11,,6.0
2024-03-11 09:35:03-04:00,510.2,92.0,11,[37],0.0
2024-03-11 09:35:06-04:00,510.2,200.0,11,,3.0
2024-03-11 09:35:12-04:00,510.28,100.0,11,,6.0
2024-03-11 09:35:15-04:00,510.31,100.0,11,,3.0
2024-03-11 09:35:18-04:00,510.36,100.0,11,,3.0
2024-03-11 09:35:24-04:00,510.41,100.0,11,,6.0
2024-03-11 09:35:27-04:00,510.46,100.0,11,,3.0
2024-03-11 09:35:27-04:00,510.46,92.0,11,[37],0.0
2024-03-11 09:35:30-04:00,510.45,100.0,11,,3.0
2024-03-11 09:35:33-04:00,510.5,100.0,11,,3.0
2024-03-11 09:35:33-04:00,510.5,10.0,11,[37],0.0
2024-03-11 09:35:33-04:00,510.5,10.0,18,[37],0.0
2024-03-11 09:35:36-04:00,510.52,100.0,11,,3.0
2024-03-11 09:35:36-04:00,510.52,61.0,11,[37],0.0
2024-03-11 09:35:47-04:00,510.55,100.0,11,"[14, 41]",11.0
2024-03-11 09:35:47-04:00,510.54,1.0,19,"[14, 37, 41]",0.0
2024-03-11 09:36:12-04:00,510.57,392.0,11,,25.0
2024-03-11 09:37:36-04:00,510.84,1.0,4,[37],84.0
2024-03-11 09:37:58-04:00,510.73,140.0,11,"[14, 41]",22.0
2024-03-11 09:37:58-04:00,510.73,300.0,8,"[14, 41]",0.0
2024-03-11 09:39:06-04:00,510.875,2.0,4,[37],68.0
2024-03-11 09:40:36-04:00,510.7785,76.0,4,[37],90.0
2024-03-11 09:41:36-04:00,510.71,100.0,11,,60.0
2024-03-11 09:41:36-04:00,510.71,30.0,11,[37],0.0
2024-03-11 09:41:36-04:00,510.71,10.0,11,[37],0.0
2024-03-11 09:41:36-04:00,510.71,10.0,18,[37],0.0
2024-03-11 09:42:10-04:00,510.6493,409.0,4,,34.0
2024-03-11 09:42:16-04:00,510.68,100.0,4,"[53, 52, 41]",6.0
2024-03-11 09:42:25-04:00,510.525,6.0,4,[37],9.0
2024-03-11 09:42:25-04:00,510.525,12.0,4,[37],0.0
2024-03-11 09:42:38-04:00,510.53,200.0,19,"[14, 41]",13.0
2024-03-11 09:42:38-04:00,510.53,100.0,19,"[14, 41]",0.0
2024-03-11 09:42:53-04:00,510.61,5.0,19,"[14, 37, 41]",15.0
2024-03-11 09:42:53-04:00,510.61,95.0,19,[37],0.0
2024-03-11 09:42:53-04:00,510.61,100.0,12,,0.0
2024-03-11 09:43:43-04:00,510.57,4.0,4,[37],50.0
2024-03-11 09:45:02-04:00,510.56,7.0,21,[37],79.0
2024-03-11 09:46:52-04:00,510.79,4.0,11,[37],110.0
2024-03-11 09:47:28-04:00,510.46,24.0,11,[37],36.0
2024-03-11 09:48:05-04:00,510.34,1.0,4,[37],37.0
2024-03-11 09:49:52-04:00,510.31,10.0,19,[37],107.0
2024-03-11 09:52:41-04:00,509.94,100.0,4,,169.0
2024-03-11 09:54:22-04:00,509.9399,1.0,4,[37],101.0
2024-03-11 09:54:43-04:00,509.92,450.0,8,,21.0
2024-03-11 09:54:43-04:00,509.92,150.0,8,,0.0
2024-03-11 09:55:10-04:00,509.74,3.0,11,"[14, 37, 41]",27.0
2024-03-11 09:55:10-04:00,509.74,3.0,10,[37],0.0
2024-03-11 09:55:10-04:00,509.74,3.0,19,[37],0.0
2024-03-11 09:55:10-04:00,509.74,3.0,8,[37],0.0
2024-03-11 09:55:10-04:00,509.74,3.0,12,[37],0.0
2024-03-11 09:55:20-04:00,509.69,3.0,8,[37],10.0
2024-03-11 09:55:20-04:00,509.69,6.0,11,"[14, 37, 41]",0.0
2024-03-11 09:55:20-04:00,509.69,3.0,10,[37],0.0
2024-03-11 09:55:20-04:00,509.69,6.0,19,[37],0.0
2024-03-11 09:55:20-04:00,509.69,11.0,12,[37],0.0
2024-03-11 09:55:30-04:00,509.69,7.0,12,[37],10.0
2024-03-11 09:55:30-04:00,509.69,2.0,10,[37],0.0
2024-03-11 09:55:30-04:00,509.69,4.0,8,[37],0.0
2024-03-11 09:55:30-04:00,509.69,13.0,11,"[14, 37, 41]",0.0
2024-03-11 09:55:30-04:00,509.69,5.0,11,"[14, 37, 41]",0.0
2024-03-11 09:55:30-04:00,509.69,7.0,19,[37],0.0
2024-03-11 09:55:38-04:00,509.599,2.0,4,[37],8.0
2024-03-11 09:55:40-04:00,509.61,7.0,19,[37],2.0
2024-03-11 09:55:40-04:00,509.61,7.0,10,[37],0.0
2024-03-11 09:55:40-04:00,509.61,10.0,8,[37],0.0
2024-03-11 09:55:40-04:00,509.61,7.0,12,[37],0.0
2024-03-11 09:55:40-04:00,509.61,10.0,11,"[14, 37, 41]",0.0
2024-03-11 09:55:40-04:00,509.61,1.0,19,[37],0.0
2024-03-11 09:55:47-04:00,509.62,200.0,10,"[14, 41]",7.0
2024-03-11 09:55:47-04:00,509.62,100.0,11,"[14, 41]",0.0
2024-03-11 09:55:47-04:00,509.62,79.0,11,"[14, 37, 41]",0.0
2024-03-11 09:55:47-04:00,509.62,21.0,11,"[14, 37, 41]",0.0
2024-03-11 09:55:50-04:00,509.66,5.0,11,"[14, 37, 41]",3.0
2024-03-11 09:55:50-04:00,509.66,4.0,10,[37],0.0
2024-03-11 09:55:50-04:00,509.66,5.0,19,[37],0.0
2024-03-11 09:55:50-04:00,509.66,4.0,8,[37],0.0
2024-03-11 09:55:50-04:00,509.66,4.0,12,[37],0.0
2024-03-11 09:56:00-04:00,509.64,5.0,11,"[14, 37, 41]",10.0
2024-03-11 09:56:00-04:00,509.64,5.0,12,[37],0.0
2024-03-11 09:56:48-04:00,509.9,1.0,19,[37],48.0
2024-03-11 09:57:13-04:00,509.88,40.0,12,"[14, 37, 41]",25.0
2024-03-11 09:57:13-04:00,509.88,100.0,12,"[14, 41]",0.0
2024-03-11 09:57:13-04:00,509.875,424.0,12,"[14, 41]",0.0
2024-03-11 09:57:13-04:00,509.88,100.0,11,,0.0
2024-03-11 09:57:13-04:00,509.88,100.0,8,,0.0
2024-03-11 09:58:37-04:00,509.8,20.0,12,[37],84.0
2024-03-11 09:59:01-04:00,509.685,1.0,4,[37],24.0
2024-03-11 09:59:10-04:00,509.58,2.0,19,[37],9.0
2024-03-11 09:59:10-04:00,509.58,4.0,10,[37],0.0
2024-03-11 09:59:10-04:00,509.58,4.0,8,[37],0.0
2024-03-11 09:59:10-04:00,509.58,5.0,11,"[14, 37, 41]",0.0
2024-03-11 09:59:10-04:00,509.58,4.0,12,[37],0.0
2024-03-11 09:59:17-04:00,509.5079,1.0,4,[37],7.0
2024-03-11 09:59:17-04:00,509.505,5000.0,4,,0.0
2024-03-11 09:59:20-04:00,509.45,13.0,12,[37],3.0
2024-03-11 09:59:20-04:00,509.44,13.0,11,"[14, 37, 41]",0.0
2024-03-11 09:59:20-04:00,509.44,19.0,1,[37],0.0
2024-03-11 09:59:20-04:00,509.44,7.0,19,[37],0.0
2024-03-11 09:59:20-04:00,509.44,37.0,8,[37],0.0
2024-03-11 09:59:20-04:00,509.45,100.0,12,"[14, 41]",0.0
2024-03-11 09:59:30-04:00,509.51,6.0,8,[37],10.0
2024-03-11 09:59:30-04:00,509.51,2.0,19,[37],0.0
2024-03-11 09:59:30-04:00,509.51,11.0,10,[37],0.0
2024-03-11 09:59:30-04:00,509.51,17.0,11,"[14, 37, 41]",0.0
2024-03-11 09:59:30-04:00,509.51,6.0,11,"[14, 37, 41]",0.0
2024-03-11 09:59:30-04:00,509.51,6.0,19,[37],0.0
2024-03-11 09:59:30-04:00,509.51,4.0,10,[37],0.0
2024-03-11 09:59:30-04:00,509.51,17.0,8,[37],0.0
2024-03-11 09:59:40-04:00,509.53,8.0,8,[37],10.0
2024-03-11 09:59:40-04:00,509.53,4.0,19,[37],0.0
2024-03-11 09:59:40-04:00,509.53,8.0,19,[37],0.0
2024-03-11 09:59:40-04:00,509.53,4.0,10,[37],0.0
2024-03-11 09:59:40-04:00,509.53,4.0,8,[37],0.0
2024-03-11 09:59:40-04:00,509.53,4.0,11,"[14, 37, 41]",0.0
2024-03-11 09:59:40-04:00,509.53,8.0,11,"[14, 37, 41]",0.0
2024-03-11 09:59:40-04:00,509.53,8.0,10,[37],0.0
2024-03-11 09:59:40-04:00,509.53,8.0,12,[37],0.0
2024-03-11 09:59:50-04:00,509.48,1.0,18,[37],10.0
2024-03-11 09:59:50-04:00,509.48,1.0,12,[37],0.0
2024-03-11 09:59:50-04:00,509.48,3.0,8,[37],0.0
2024-03-11 09:59:50-04:00,509.48,2.0,19,[37],0.0
2024-03-11 09:59:50-04:00,509.48,1.0,11,"[14, 37, 41]",0.0
2024-03-11 09:59:50-04:00,509.48,2.0,10,[37],0.0
2024-03-11 09:59:50-04:00,509.48,3.0,11,"[14, 37, 41]",0.0
2024-03-11 09:59:50-04:00,509.48,1.0,19,[37],0.0
2024-03-11 10:00:20-04:00,509.62,3.0,11,"[14, 37, 41]",30.0
2024-03-11 10:00:20-04:00,509.62,3.0,10,[37],0.0
2024-03-11 10:00:20-04:00,509.62,3.0,19,[37],0.0
2024-03-11 10:00:20-04:00,509.62,3.0,8,[37],0.0
2024-03-11 10:00:20-04:00,509.62,5.0,12,[37],0.0
2024-03-11 10:00:30-04:00,509.45,2.0,12,[37],10.0
2024-03-11 10:00:30-04:00,509.45,1.0,8,[37],0.0
2024-03-11 10:00:30-04:00,509.45,2.0,19,[37],0.0
2024-03-11 10:00:30-04:00,509.45,2.0,11,"[14, 37, 41]",0.0
2024-03-11 10:00:30-04:00,509.45,1.0,10,[37],0.0
2024-03-11 10:01:03-04:00,509.465,8.0,4,[37],33.0
2024-03-11 10:01:13-04:00,509.295,15.0,12,[37],10.0
2024-03-11 10:01:13-04:00,509.3,3.0,12,[37],0.0
2024-03-11 10:02:09-04:00,509.38,2.0,21,"[14, 37, 41]",56.0
2024-03-11 10:02:30-04:00,509.21,3.0,12,[37],21.0
2024-03-11 10:02:30-04:00,509.21,100.0,12,,0.0
2024-03-11 10:02:30-04:00,509.21,98.0,8,[37],0.0
2024-03-11 10:02:30-04:00,509.21,30.0,19,[37],0.0
2024-03-11 10:02:30-04:00,509.21,2.0,8,[37],0.0
2024-03-11 10:02:30-04:00,509.21,100.0,10,,0.0
2024-03-11 10:02:30-04:00,509.21,5.0,11,"[14, 37, 41]",0.0
2024-03-11 10:02:30-04:00,509.21,2.0,10,[37],0.0
2024-03-11 10:02:40-04:00,509.08,17.0,12,[37],10.0
2024-03-11 10:02:40-04:00,509.08,11.0,11,"[14, 37, 41]",0.0
2024-03-11 10:02:40-04:00,509.08,6.0,10,[37],0.0
2024-03-11 10:02:40-04:00,509.08,9.0,1,[37],0.0
2024-03-11 10:02:40-04:00,509.08,11.0,19,[37],0.0
2024-03-11 10:02:40-04:00,509.08,14.0,8,[37],0.0
2024-03-11 10:02:50-04:00,509.08,35.0,12,[37],10.0
2024-03-11 10:02:50-04:00,509.08,12.0,8,[37],0.0
2024-03-11 10:02:50-04:00,509.08,12.0,19,[37],0.0
2024-03-11 10:02:50-04:00,509.08,47.0,11,"[14, 37, 41]",0.0
2024-03-11 10:02:50-04:00,509.08,24.0,10,[37],0.0
2024-03-11 10:03:00-04:00,509.01,34.0,12,[37],10.0
2024-03-11 10:03:00-04:00,509.01,34.0,8,[37],0.0
2024-03-11 10:03:00-04:00,509.01,33.0,19,[37],0.0
2024-03-11 10:03:00-04:00,509.01,51.0,11,"[14, 37, 41]",0.0
2024-03-11 10:03:00-04:00,509.01,1.0,19,[37],0.0
2024-03-11 10:03:10-04:00,509.14,26.0,11,"[14, 37, 41]",10.0
2024-03-11 10:03:10-04:00,509.14,13.0,10,[37],0.0
2024-03-11 10:03:10-04:00,509.14,13.0,19,[37],0.0
2024-03-11 10:03:10-04:00,509.14,13.0,8,[37],0.0
2024-03-11 10:03:10-04:00,509.14,13.0,12,[37],0.0
2024-03-11 10:03:20-04:00,509.29,26.0,12,[37],10.0
2024-03-11 10:03:30-04:00,509.3,3.0,11,"[14, 37, 41]",10.0
2024-03-11 10:03:30-04:00,509.3,1.0,10,[37],0.0
2024-03-11 10:03:30-04:00,509.31,100.0,19,"[14, 41]",0.0
2024-03-11 10:03:30-04:00,509.3,3.0,19,[37],0.0
2024-03-11 10:03:30-04:00,509.3,3.0,8,[37],0.0
2024-03-11 10:03:30-04:00,509.31,4.0,12,[37],0.0
2024-03-11 10:03:32-04:00,509.265,2.0,4,[37],2.0
2024-03-11 10:03:32-04:00,509.265,13.0,4,[37],0.0
2024-03-11 10:03:40-04:00,509.3,6.0,8,[37],8.0
2024-03-11 10:03:40-04:00,509.3,8.0,19,[37],0.0
2024-03-11 10:03:40-04:00,509.3,6.0,12,[37],0.0
2024-03-11 10:03:40-04:00,509.3,6.0,11,"[14, 37, 41]",0.0
2024-03-11 10:03:40-04:00,509.3,6.0,10,[37],0.0
2024-03-11 10:03:50-04:00,509.18,4.0,8,[37],10.0
2024-03-11 10:03:50-04:00,509.18,4.0,12,[37],0.0
2024-03-11 10:03:50-04:00,509.18,4.0,19,[37],0.0
2024-03-11 10:03:50-04:00,509.18,4.0,11,"[14, 37, 41]",0.0
2024-03-11 10:03:50-04:00,509.18,4.0,10,[37],0.0
2024-03-11 10:03:53-04:00,509.285,1.0,4,[37],3.0
2024-03-11 10:04:00-04:00,509.2,2.0,11,"[14, 37, 41]",7.0
2024-03-11 10:04:00-04:00,509.2,1.0,10,[37],0.0
2024-03-11 10:04:00-04:00,509.2,1.0,19,[37],0.0
2024-03-11 10:04:00-04:00,509.2,1.0,8,[37],0.0
2024-03-11 10:04:00-04:00,509.2,1.0,12,[37],0.0
2024-03-11 10:04:02-04:00,509.23,1.0,4,[37],2.0
2024-03-11 10:04:10-04:00,509.13,1.0,12,[37],8.0
2024-03-11 10:04:56-04:00,509.03,1.0,4,[37],46.0
2024-03-11 10:05:16-04:00,509.11,6.0,19,"[14, 37, 41]",20.0
2024-03-11 10:05:16-04:00,509.11,3.0,12,"[14, 37, 41]",0.0
2024-03-11 10:05:16-04:00,509.11,1.0,12,"[14, 37, 41]",0.0
2024-03-11 10:05:16-04:00,509.11,3.0,8,"[14, 37, 41]",0.0
2024-03-11 10:06:09-04:00,508.915,1.0,4,[37],53.0
2024-03-11 10:10:08-04:00,509.02,6.0,8,"[14, 37, 41]",239.0
2024-03-11 10:13:44-04:00,508.55,2.0,8,[37],216.0
2024-03-11 10:13:48-04:00,508.57,100.0,19,,4.0
2024-03-11 10:14:01-04:00,508.665,2.0,4,[37],13.0
2024-03-11 10:14:16-04:00,508.6735,200.0,4,,15.0
2024-03-11 10:15:18-04:00,508.645,1.0,4,[37],62.0
2024-03-11 10:15:18-04:00,508.645,3.0,4,[37],0.0
2024-03-11 10:17:26-04:00,508.89,100.0,12,"[14, 41]",128.0
2024-03-11 10:18:05-04:00,509.2199,1.0,4,[37],39.0
2024-03-11 10:19:02-04:00,509.21,3.0,20,"[14, 37, 41]",57.0
2024-03-11 10:20:00-04:00,509.44,1900.0,4,,58.0
2024-03-11 10:23:10-04:00,509.025,100.0,4,,190.0
2024-03-11 10:24:13-04:00,508.755,100.0,4,,63.0
2024-03-11 10:25:30-04:00,508.86,3.0,12,[37],77.0
2024-03-11 10:25:30-04:00,508.86,3.0,19,[37],0.0
2024-03-11 10:25:30-04:00,508.86,3.0,8,[37],0.0
2024-03-11 10:25:30-04:00,508.86,5.0,11,"[14, 37, 41]",0.0
2024-03-11 10:25:40-04:00,508.79,1.0,11,"[14, 37, 41]",10.0
2024-03-11 10:25:40-04:00,508.79,1.0,19,[37],0.0
2024-03-11 10:25:40-04:00,508.79,1.0,12,[37],0.0
2024-03-11 10:26:00-04:00,508.86,4.0,12,[37],20.0
2024-03-11 10:26:00-04:00,508.86,3.0,11,"[14, 37, 41]",0.0
2024-03-11 10:26:00-04:00,508.86,3.0,10,[37],0.0
2024-03-11 10:26:00-04:00,508.86,3.0,19,[37],0.0
2024-03-11 10:26:00-04:00,508.86,3.0,8,[37],0.0
2024-03-11 10:26:10-04:00,508.95,1.0,12,[37],10.0
2024-03-11 10:26:10-04:00,508.95,1.0,19,[37],0.0
2024-03-11 10:26:23-04:00,508.8,100.0,11,,13.0
2024-03-11 10:26:27-04:00,508.7874,10.0,4,[37],4.0
2024-03-11 10:26:46-04:00,508.8,8.0,19,"[14, 37, 41]",19.0
2024-03-11 10:30:02-04:00,508.985,100.0,4,,196.0
2024-03-11 10:30:02-04:00,508.98,74.0,12,[37],0.0
2024-03-11 10:30:02-04:00,508.98,26.0,12,"[14, 37, 41]",0.0
2024-03-11 10:30:02-04:00,508.98,6.0,19,[37],0.0
2024-03-11 10:32:00-04:00,509.58,4.0,11,"[14, 37, 41]",118.0
2024-03-11 10:32:00-04:00,509.58,2.0,10,[37],0.0
2024-03-11 10:32:00-04:00,509.58,3.0,19,[37],0.0
2024-03-11 10:32:00-04:00,509.58,2.0,8,[37],0.0
2024-03-11 10:32:00-04:00,509.58,3.0,12,[37],0.0
2024-03-11 10:32:10-04:00,509.61,11.0,11,"[14, 37, 41]",10.0
2024-03-11 10:32:10-04:00,509.61,11.0,10,[37],0.0
2024-03-11 10:32:10-04:00,509.605,6.0,19,[37],0.0
2024-03-11 10:32:10-04:00,509.61,16.0,8,[37],0.0
2024-03-11 10:32:10-04:00,509.61,6.0,12,[37],0.0
2024-03-11 10:32:20-04:00,509.56,20.0,12,[37],10.0
2024-03-11 10:32:20-04:00,509.56,3.0,12,[37],0.0
2024-03-11 10:32:20-04:00,509.56,23.0,8,[37],0.0
2024-03-11 10:32:20-04:00,509.56,34.0,11,"[14, 37, 41]",0.0
2024-03-11 10:32:20-04:00,509.56,23.0,10,[37],0.0
2024-03-11 10:32:20-04:00,509.56,23.0,19,[37],0.0
2024-03-11 10:32:30-04:00,509.61,54.0,11,"[14, 37, 41]",10.0
2024-03-11 10:32:30-04:00,509.61,20.0,10,[37],0.0
2024-03-11 10:32:30-04:00,509.61,20.0,1,[37],0.0
2024-03-11 10:32:30-04:00,509.61,27.0,19,[37],0.0
2024-03-11 10:32:30-04:00,509.61,34.0,8,[37],0.0
2024-03-11 10:32:30-04:00,509.61,27.0,12,[37],0.0
2024-03-11 10:32:40-04:00,509.64,30.0,19,[37],10.0
2024-03-11 10:32:40-04:00,509.64,14.0,8,[37],0.0
2024-03-11 10:32:40-04:00,509.64,9.0,1,[37],0.0
2024-03-11 10:32:40-04:00,509.64,35.0,11,"[14, 37, 41]",0.0
2024-03-11 10:32:40-04:00,509.64,25.0,10,[37],0.0
2024-03-11 10:32:50-04:00,509.77,33.0,11,"[14, 37, 41]",10.0
2024-03-11 10:32:50-04:00,509.77,20.0,10,[37],0.0
2024-03-11 10:32:50-04:00,509.77,26.0,19,[37],0.0
2024-03-11 10:32:50-04:00,509.77,26.0,8,[37],0.0
2024-03-11 10:32:50-04:00,509.77,1.0,12,[37],0.0
2024-03-11 10:32:50-04:00,509.77,32.0,12,[37],0.0
2024-03-11 10:33:00-04:00,509.8,31.0,19,[37],10.0
2024-03-11 10:33:00-04:00,509.8,30.0,12,[37],0.0
2024-03-11 10:33:00-04:00,509.8,5.0,12,[37],0.0
2024-03-11 10:33:00-04:00,509.8,12.0,8,[37],0.0
2024-03-11 10:33:00-04:00,509.8,18.0,10,[37],0.0
2024-03-11 10:33:00-04:00,509.8,52.0,11,"[14, 37, 41]",0.0
2024-03-11 10:33:00-04:00,509.8,4.0,19,[37],0.0
2024-03-11 10:33:10-04:00,509.76,9.0,8,"[14, 37, 41]",10.0
2024-03-11 10:33:10-04:00,509.76,18.0,12,"[14, 37, 41]",0.0
2024-03-11 10:33:10-04:00,509.76,106.0,19,"[14, 41]",0.0
2024-03-11 10:33:10-04:00,509.76,6.0,19,"[14, 37, 41]",0.0
2024-03-11 10:33:10-04:00,509.755,252.0,8,"[14, 41]",0.0
2024-03-11 10:33:10-04:00,509.76,200.0,12,"[14, 41]",0.0
2024-03-11 10:33:17-04:00,509.78,100.0,4,,7.0
2024-03-11 10:33:20-04:00,509.78,8.0,12,[37],3.0
2024-03-11 10:33:20-04:00,509.78,8.0,8,[37],0.0
2024-03-11 10:33:20-04:00,509.78,15.0,19,[37],0.0
2024-03-11 10:33:20-04:00,509.78,11.0,11,"[14, 37, 41]",0.0
2024-03-11 10:33:30-04:00,509.81,10.0,8,[37],10.0
2024-03-11 10:33:40-04:00,509.91,8.0,12,[37],10.0
2024-03-11 10:33:40-04:00,509.91,11.0,11,"[14, 37, 41]",0.0
2024-03-11 10:33:40-04:00,509.9,100.0,12,"[14, 41]",0.0
2024-03-11 10:33:40-04:00,509.91,6.0,10,[37],0.0
2024-03-11 10:33:40-04:00,509.91,8.0,19,[37],0.0
2024-03-11 10:33:40-04:00,509.91,8.0,8,[37],0.0
2024-03-11 10:33:46-04:00,509.865,8.0,4,[37],6.0
2024-03-11 10:33:50-04:00,509.83,37.0,11,"[14, 37, 41]",4.0
2024-03-11 10:33:50-04:00,509.83,25.0,19,[37],0.0
2024-03-11 10:33:50-04:00,509.83,19.0,8,[37],0.0
2024-03-11 10:33:50-04:00,509.83,13.0,12,[37],0.0
2024-03-11 10:34:00-04:00,509.79,20.0,12,[37],10.0
2024-03-11 10:34:00-04:00,509.79,22.0,11,"[14, 37, 41]",0.0
2024-03-11 10:34:00-04:00,509.79,18.0,10,[37],0.0
2024-03-11 10:34:00-04:00,509.79,18.0,19,[37],0.0
2024-03-11 10:34:00-04:00,509.79,16.0,8,[37],0.0
2024-03-11 10:34:10-04:00,509.78,6.0,8,[37],10.0
2024-03-11 10:34:10-04:00,509.78,23.0,19,[37],0.0
2024-03-11 10:34:10-04:00,509.78,18.0,12,[37],0.0
2024-03-11 10:34:10-04:00,509.78,23.0,11,"[14, 37, 41]",0.0
2024-03-11 10:34:10-04:00,509.78,12.0,10,[37],0.0
2024-03-11 10:34:20-04:00,509.74,3.0,11,"[14, 37, 41]",10.0
2024-03-11 10:34:20-04:00,509.74,3.0,10,[37],0.0
2024-03-11 10:34:20-04:00,509.74,3.0,19,[37],0.0
2024-03-11 10:34:20-04:00,509.74,3.0,8,[37],0.0
2024-03-11 10:34:20-04:00,509.73,100.0,21,[14],0.0
2024-03-11 10:34:20-04:00,509.74,3.0,12,[37],0.0
2024-03-11 10:34:30-04:00,509.78,1.0,12,[37],10.0
2024-03-11 10:34:30-04:00,509.775,2.0,11,"[14, 37, 41]",0.0
2024-03-11 10:34:30-04:00,509.78,2.0,19,[37],0.0
2024-03-11 10:34:30-04:00,509.78,1.0,8,[37],0.0
2024-03-11 10:34:36-04:00,509.775,1.0,4,[37],6.0
2024-03-11 10:34:40-04:00,509.78,1.0,11,"[14, 37, 41]",4.0
2024-03-11 10:34:40-04:00,509.78,1.0,10,[37],0.0
2024-03-11 10:34:40-04:00,509.78,2.0,19,[37],0.0
2024-03-11 10:34:40-04:00,509.78,2.0,12,[37],0.0
2024-03-11 10:34:50-04:00,509.8,13.0,11,"[14, 37, 41]",10.0
2024-03-11 10:34:50-04:00,509.8,3.0,10,[37],0.0
2024-03-11 10:34:50-04:00,509.8,5.0,19,[37],0.0
2024-03-11 10:34:50-04:00,509.8,5.0,8,[37],0.0
2024-03-11 10:34:50-04:00,509.8,10.0,12,[37],0.0
2024-03-11 10:35:00-04:00,509.81,8.0,11,"[14, 37, 41]",10.0
2024-03-11 10:35:00-04:00,509.81,4.0,10,[37],0.0
2024-03-11 10:35:00-04:00,509.81,8.0,19,[37],0.0
2024-03-11 10:35:00-04:00,509.81,4.0,8,[37],0.0
2024-03-11 10:35:00-04:00,509.81,8.0,12,[37],0.0
2024-03-11 10:35:10-04:00,509.92,100.0,11,,10.0
2024-03-11 10:35:10-04:00,509.92,3.0,12,[37],0.0
2024-03-11 10:35:10-04:00,509.92,300.0,11,,0.0
2024-03-11 10:35:10-04:00,509.92,2.0,10,[37],0.0
2024-03-11 10:35:10-04:00,509.92,818.0,10,,0.0
2024-03-11 10:35:10-04:00,509.92,1.0,8,[37],0.0
2024-03-11 10:35:10-04:00,509.92,1.0,19,[37],0.0
2024-03-11 10:35:10-04:00,509.92,2.0,11,"[14, 37, 41]",0.0
2024-03-11 10:35:10-04:00,509.92,7.0,11,[37],0.0
2024-03-11 10:35:20-04:00,509.85,1.0,19,[37],10.0
2024-03-11 10:36:17-04:00,509.79,50.0,11,[37],57.0
2024-03-11 10:36:20-04:00,509.82,5.0,12,[37],3.0
2024-03-11 10:36:20-04:00,509.82,5.0,19,[37],0.0
2024-03-11 10:36:20-04:00,509.82,4.0,8,[37],0.0
2024-03-11 10:36:20-04:00,509.82,4.0,10,[37],0.0
2024-03-11 10:36:20-04:00,509.82,6.0,11,"[14, 37, 41]",0.0
2024-03-11 10:36:20-04:00,509.82,2.0,1,[37],0.0
2024-03-11 10:36:30-04:00,509.73,2.0,11,"[14, 37, 41]",10.0
2024-03-11 10:36:30-04:00,509.73,1.0,10,[37],0.0
2024-03-11 10:36:30-04:00,509.72,91.0,19,[37],0.0
2024-03-11 10:36:30-04:00,509.73,2.0,19,[37],0.0
2024-03-11 10:36:30-04:00,509.73,2.0,8,[37],0.0
2024-03-11 10:36:30-04:00,509.73,2.0,12,[37],0.0
2024-03-11 10:36:43-04:00,509.73,1.0,4,[37],13.0
2024-03-11 10:37:19-04:00,509.64,1.0,19,"[14, 37, 41]",36.0
2024-03-11 10:37:19-04:00,509.655,100.0,4,,0.0
2024-03-11 10:37:19-04:00,509.64,100.0,19,"[14, 41]",0.0
2024-03-11 10:37:46-04:00,509.61,14.0,19,[37],27.0
2024-03-11 10:38:20-04:00,509.42,2.0,8,[37],34.0
2024-03-11 10:38:20-04:00,509.42,4.0,19,[37],0.0
2024-03-11 10:38:20-04:00,509.42,4.0,11,"[14, 37, 41]",0.0
2024-03-11 10:38:20-04:00,509.42,4.0,12,[37],0.0
2024-03-11 10:38:30-04:00,509.28,1.0,11,"[14, 37, 41]",10.0
2024-03-11 10:38:30-04:00,509.28,1.0,19,[37],0.0
2024-03-11 10:38:30-04:00,509.28,1.0,8,[37],0.0
2024-03-11 10:38:30-04:00,509.28,1.0,12,[37],0.0
2024-03-11 10:38:47-04:00,509.2099,1.0,4,[37],17.0
2024-03-11 10:42:07-04:00,509.58,12.0,4,[37],200.0
2024-03-11 10:42:52-04:00,509.515,15.0,4,[37],45.0
2024-03-11 10:45:20-04:00,509.24,100.0,11,"[14, 41]",148.0
2024-03-11 10:45:20-04:00,509.24,83.0,11,"[14, 37, 41]",0.0
2024-03-11 10:45:20-04:00,509.24,17.0,11,"[14, 37, 41]",0.0
2024-03-11 10:45:27-04:00,509.18,100.0,8,"[14, 41]",7.0
2024-03-11 10:45:27-04:00,509.18,100.0,10,"[14, 41]",0.0
2024-03-11 10:45:27-04:00,509.18,20.0,12,"[14, 37, 41]",0.0
2024-03-11 10:45:54-04:00,509.49,100.0,12,"[14, 41]",27.0
2024-03-11 10:46:15-04:00,509.37,18.0,4,[37],21.0
2024-03-11 10:48:16-04:00,509.6,26.0,4,[37],121.0
2024-03-11 10:49:47-04:00,509.62,100.0,12,,91.0
2024-03-11 10:50:41-04:00,509.8803,2.0,4,[37],54.0
2024-03-11 10:53:12-04:00,510.14,100.0,11,,151.0
2024-03-11 10:54:00-04:00,510.0849,5.0,4,[37],48.0
2024-03-11 10:54:26-04:00,510.3898,121.0,4,,26.0
2024-03-11 10:54:57-04:00,510.405,100.0,4,,31.0
2024-03-11 10:55:00-04:00,510.43,100.0,11,"[14, 41]",3.0
2024-03-11 10:55:00-04:00,510.43,3.0,12,[37],0.0
2024-03-11 10:59:13-04:00,510.45,1.0,4,[37],253.0
2024-03-11 10:59:25-04:00,510.47,1.0,18,[37],12.0
2024-03-11 11:00:28-04:00,510.52,1.0,4,[37],63.0
2024-03-11 11:02:01-04:00,510.59,1.0,4,[37],93.0
2024-03-11 11:10:39-04:00,510.31,5.0,11,[37],518.0
2024-03-11 11:13:46-04:00,509.64,1.0,11,"[14, 37, 41]",187.0
2024-03-11 11:13:46-04:00,509.64,687.0,20,"[14, 41]",0.0
2024-03-11 11:14:06-04:00,509.76,35.0,4,[37],20.0
2024-03-11 11:16:38-04:00,509.83,57.0,11,[37],152.0
2024-03-11 11:16:41-04:00,509.82,500.0,8,,3.0
2024-03-11 11:20:13-04:00,510.04,27.0,12,"[14, 37, 41]",212.0
2024-03-11 11:20:13-04:00,510.04,3.0,11,[37],0.0
2024-03-11 11:20:13-04:00,510.04,100.0,8,"[14, 41]",0.0
2024-03-11 11:20:13-04:00,510.04,100.0,11,,0.0
2024-03-11 11:20:34-04:00,510.06,100.0,19,"[14, 41]",21.0
2024-03-11 11:21:51-04:00,509.975,20.0,4,[37],77.0
2024-03-11 11:22:55-04:00,509.76,4.0,11,[37],64.0
2024-03-11 11:23:20-04:00,509.815,1.0,4,[37],25.0
2024-03-11 11:23:44-04:00,509.85,200.0,19,"[14, 41]",24.0
2024-03-11 11:24:26-04:00,509.86,100.0,12,"[14, 41]",42.0
2024-03-11 11:24:26-04:00,509.86,100.0,19,"[14, 41]",0.0
2024-03-11 11:24:26-04:00,509.86,97.0,21,"[14, 37, 41]",0.0
2024-03-11 11:24:26-04:00,509.86,100.0,11,"[14, 41]",0.0
2024-03-11 11:24:26-04:00,509.86,366.0,11,"[14, 41]",0.0
2024-03-11 11:25:41-04:00,509.98,100.0,4,,75.0
2024-03-11 11:29:35-04:00,509.5,1.0,4,[37],234.0
2024-03-11 11:31:12-04:00,509.36,10.0,11,"[14, 37, 41]",97.0
2024-03-11 11:31:12-04:00,509.36,100.0,11,"[14, 41]",0.0
2024-03-11 11:31:12-04:00,509.36,20.0,12,[37],0.0
2024-03-11 11:31:12-04:00,509.36,13.0,12,[37],0.0
2024-03-11 11:31:15-04:00,509.4379,400.0,4,,3.0
2024-03-11 11:32:01-04:00,509.28,90.0,11,[37],46.0
2024-03-11 11:32:19-04:00,509.235,1.0,4,[37],18.0
2024-03-11 11:32:53-04:00,509.52,10.0,4,[37],34.0
2024-03-11 11:32:53-04:00,509.52,36.0,4,[37],0.0
2024-03-11 11:34:01-04:00,509.5297,1.0,4,[37],68.0
2024-03-11 11:35:04-04:00,509.609,1.0,4,[37],63.0
2024-03-11 11:36:08-04:00,509.73,4.0,11,[37],64.0
2024-03-11 11:39:30-04:00,509.8579,1.0,4,[37],202.0
2024-03-11 11:40:25-04:00,509.58,18.0,15,[37],55.0
2024-03-11 11:41:20-04:00,509.74,36.0,20,"[14, 37, 41]",55.0
2024-03-11 11:43:02-04:00,509.875,1.0,7,[37],102.0
2024-03-11 11:43:42-04:00,509.8201,1.0,4,[37],40.0
2024-03-11 11:43:52-04:00,509.865,100.0,4,,10.0
2024-03-11 11:45:01-04:00,510.08,1.0,12,"[14, 37, 41]",69.0
2024-03-11 11:46:48-04:00,510.27,29.0,19,"[14, 37, 41]",107.0
2024-03-11 11:46:48-04:00,510.27,100.0,11,"[14, 41]",0.0
2024-03-11 11:46:48-04:00,510.27,1.0,12,"[14, 37, 41]",0.0
2024-03-11 11:46:48-04:00,510.27,100.0,10,"[14, 41]",0.0
2024-03-11 11:46:48-04:00,510.27,2.0,11,"[14, 37, 41]",0.0
2024-03-11 11:46:52-04:00,510.35,100.0,8,"[14, 41]",4.0
2024-03-11 11:46:52-04:00,510.35,100.0,12,"[14, 41]",0.0
2024-03-11 11:46:52-04:00,510.35,2.0,8,"[14, 37, 41]",0.0
2024-03-11 11:46:52-04:00,510.34,100.0,8,"[14, 41]",0.0
2024-03-11 11:46:52-04:00,510.32,76.0,11,"[14, 37, 41]",0.0
2024-03-11 11:46:52-04:00,510.35,200.0,12,"[14, 41]",0.0
2024-03-11 11:46:52-04:00,510.35,20.0,12,"[14, 37, 41]",0.0
2024-03-11 11:46:52-04:00,510.33,100.0,12,"[14, 41]",0.0
2024-03-11 11:46:52-04:00,510.34,100.0,12,"[14, 41]",0.0
2024-03-11 11:46:52-04:00,510.34,20.0,12,"[14, 37, 41]",0.0
2024-03-11 11:46:52-04:00,510.34,200.0,12,"[14, 41]",0.0
2024-03-11 11:46:52-04:00,510.36,100.0,8,"[14, 41]",0.0
2024-03-11 11:46:52-04:00,510.37,100.0,8,"[14, 41]",0.0
2024-03-11 11:46:52-04:00,510.33,5.0,21,"[14, 37, 41]",0.0
2024-03-11 11:46:52-04:00,510.35,100.0,19,"[14, 41]",0.0
2024-03-11 11:46:52-04:00,510.35,1.0,19,"[14, 37, 41]",0.0
2024-03-11 11:46:52-04:00,510.36,1.0,19,"[14, 37, 41]",0.0
2024-03-11 11:46:52-04:00,510.36,100.0,19,"[14, 41]",0.0
2024-03-11 11:46:52-04:00,510.37,100.0,19,"[14, 41]",0.0
2024-03-11 11:46:52-04:00,510.37,1.0,19,"[14, 37, 41]",0.0
2024-03-11 11:46:52-04:00,510.32,5.0,21,"[14, 37, 41]",0.0
2024-03-11 11:46:52-04:00,510.32,100.0,21,[14],0.0
2024-03-11 11:46:52-04:00,510.37,5.0,21,"[14, 37, 41]",0.0
2024-03-11 11:46:52-04:00,510.35,5.0,21,"[14, 37, 41]",0.0
2024-03-11 11:46:52-04:00,510.34,1.0,19,"[14, 37, 41]",0.0
2024-03-11 11:46:52-04:00,510.32,100.0,11,"[14, 41]",0.0
2024-03-11 11:46:52-04:00,510.33,40.0,11,"[14, 37, 41]",0.0
2024-03-11 11:46:52-04:00,510.33,100.0,11,"[14, 41]",0.0
2024-03-11 11:46:52-04:00,510.34,100.0,11,"[14, 41]",0.0
2024-03-11 11:46:52-04:00,510.35,120.0,10,"[14, 41]",0.0
2024-03-11 11:46:52-04:00,510.35,100.0,11,"[14, 41]",0.0
2024-03-11 11:46:52-04:00,510.36,100.0,11,"[14, 41]",0.0
2024-03-11 11:46:52-04:00,510.37,100.0,11,"[14, 41]",0.0
2024-03-11 11:46:52-04:00,510.37,300.0,11,"[14, 41]",0.0
2024-03-11 11:46:52-04:00,510.32,100.0,10,"[14, 41]",0.0
2024-03-11 11:46:52-04:00,510.32,100.0,12,"[14, 41]",0.0
2024-03-11 11:46:52-04:00,510.32,12.0,12,"[14, 37, 41]",0.0
2024-03-11 11:46:52-04:00,510.32,72.0,12,"[14, 37, 41]",0.0
2024-03-11 11:46:52-04:00,510.32,100.0,8,,0.0
2024-03-11 11:46:52-04:00,510.35,20.0,20,"[14, 37, 41]",0.0
2024-03-11 11:46:52-04:00,510.32,1.0,19,[37],0.0
2024-03-11 11:46:52-04:00,510.33,100.0,8,"[14, 41]",0.0
2024-03-11 11:46:52-04:00,510.33,100.0,20,"[14, 41]",0.0
2024-03-11 11:46:52-04:00,510.33,1.0,19,"[14, 37, 41]",0.0
2024-03-11 11:46:52-04:00,510.35,100.0,20,"[14, 41]",0.0
2024-03-11 11:46:52-04:00,510.32,16.0,12,"[14, 37, 41]",0.0
2024-03-11 11:47:49-04:00,510.27,100.0,21,[14],57.0
2024-03-11 11:51:19-04:00,510.63,10.0,11,[37],210.0
2024-03-11 11:52:06-04:00,510.61,100.0,12,"[14, 41]",47.0
2024-03-11 11:52:32-04:00,510.5111,50.0,4,[37],26.0
2024-03-11 11:53:12-04:00,510.46,85.0,12,[37],40.0
2024-03-11 11:58:41-04:00,510.62,100.0,4,,329.0
2024-03-11 11:58:56-04:00,510.6397,2.0,4,[37],15.0
2024-03-11 11:59:22-04:00,510.8123,13.0,4,[37],26.0
2024-03-11 12:00:39-04:00,510.65,3.0,21,"[14, 37, 41]",77.0
2024-03-11 12:00:39-04:00,510.645,29.0,12,"[14, 37, 41]",0.0
2024-03-11 12:00:39-04:00,510.65,100.0,12,"[14, 41]",0.0
2024-03-11 12:00:39-04:00,510.65,1.0,12,"[14, 37, 41]",0.0
2024-03-11 12:00:39-04:00,510.65,71.0,12,"[14, 37, 41]",0.0
2024-03-11 12:00:39-04:00,510.65,29.0,12,"[14, 37, 41]",0.0
2024-03-11 12:01:05-04:00,510.685,3.0,4,[37],26.0
2024-03-11 12:05:08-04:00,510.11,20.0,19,[37],243.0
2024-03-11 12:05:08-04:00,510.11,100.0,19,,0.0
2024-03-11 12:05:08-04:00,510.11,1.0,19,[37],0.0
2024-03-11 12:07:43-04:00,510.345,3.0,4,[37],155.0
2024-03-11 12:07:43-04:00,510.345,1.0,4,[37],0.0
2024-03-11 12:08:21-04:00,510.275,10.0,4,[37],38.0
2024-03-11 12:09:58-04:00,510.385,20.0,7,[37],97.0
2024-03-11 12:12:50-04:00,510.28,100.0,4,,172.0
2024-03-11 12:15:16-04:00,510.395,100.0,4,,146.0
2024-03-11 12:18:08-04:00,510.585,1.0,4,[37],172.0
2024-03-11 12:18:34-04:00,510.695,1.0,4,"[10, 37, 41]",26.0
2024-03-11 12:19:20-04:00,510.7299,5.0,4,[37],46.0
2024-03-11 12:20:13-04:00,510.66,6.0,12,[37],53.0
2024-03-11 12:20:14-04:00,510.66,373.0,4,,1.0
2024-03-11 12:21:09-04:00,510.6479,1.0,4,[37],55.0
2024-03-11 12:23:22-04:00,510.79,11.0,8,[37],133.0
2024-03-11 12:24:39-04:00,510.75,63.0,21,"[14, 37, 41]",77.0
2024-03-11 12:25:55-04:00,510.695,100.0,4,,76.0
2024-03-11 12:26:03-04:00,510.72,18.0,19,"[14, 37, 41]",8.0
2024-03-11 12:28:39-04:00,510.58,24.0,12,[37],156.0
2024-03-11 12:28:39-04:00,510.58,40.0,12,[37],0.0
2024-03-11 12:29:04-04:00,510.49,100.0,4,,25.0
2024-03-11 12:29:41-04:00,510.5401,10.0,4,[37],37.0
2024-03-11 12:31:39-04:00,510.7,3.0,12,[37],118.0
2024-03-11 12:33:09-04:00,510.675,15.0,4,[37],90.0
2024-03-11 12:37:44-04:00,510.81,1.0,7,[37],275.0
2024-03-11 12:38:21-04:00,510.77,100.0,21,,37.0
2024-03-11 12:38:21-04:00,510.77,20.0,21,[37],0.0
2024-03-11 12:38:21-04:00,510.77,60.0,12,[37],0.0
2024-03-11 12:38:21-04:00,510.77,100.0,12,,0.0
2024-03-11 12:38:21-04:00,510.77,40.0,12,[37],0.0
2024-03-11 12:38:21-04:00,510.77,100.0,8,,0.0
2024-03-11 12:38:21-04:00,510.77,40.0,8,[37],0.0
2024-03-11 12:41:19-04:00,510.8899,1.0,4,[37],178.0
2024-03-11 12:41:46-04:00,511.045,383.0,4,,27.0
2024-03-11 12:42:28-04:00,511.01,200.0,4,,42.0
2024-03-11 12:42:49-04:00,510.98,218.0,18,"[14, 41]",21.0
2024-03-11 12:49:19-04:00,510.905,2.0,4,[37],390.0
2024-03-11 12:52:07-04:00,510.88,1.0,19,[37],168.0
2024-03-11 12:52:07-04:00,510.88,100.0,12,"[14, 41]",0.0
2024-03-11 12:52:07-04:00,510.88,100.0,8,,0.0
2024-03-11 12:52:07-04:00,510.87,100.0,4,,0.0
2024-03-11 12:52:07-04:00,510.88,2.0,12,"[14, 37, 41]",0.0
2024-03-11 12:52:59-04:00,511.01,3.0,8,[37],52.0
2024-03-11 12:56:15-04:00,511.13,100.0,19,"[14, 41]",196.0
2024-03-11 12:56:15-04:00,511.13,200.0,11,"[14, 41]",0.0
2024-03-11 12:56:15-04:00,511.13,166.0,11,"[14, 41]",0.0
2024-03-11 12:56:15-04:00,511.13,300.0,10,"[14, 41]",0.0
2024-03-11 12:56:15-04:00,511.13,100.0,11,"[14, 41]",0.0
2024-03-11 12:56:15-04:00,511.13,34.0,11,"[14, 37, 41]",0.0
2024-03-11 12:56:40-04:00,511.135,100.0,4,,25.0
2024-03-11 12:58:35-04:00,511.13,248.0,4,,115.0
2024-03-11 12:58:35-04:00,511.13,100.0,4,,0.0
2024-03-11 12:58:35-04:00,511.13,400.0,4,,0.0
2024-03-11 12:58:35-04:00,511.13,145.0,4,,0.0
2024-03-11 12:58:35-04:00,511.13,255.0,4,,0.0
2024-03-11 12:59:07-04:00,511.04,11.0,19,"[14, 37, 41]",32.0
2024-03-11 12:59:07-04:00,511.04,5.0,19,"[14, 37, 41]",0.0
2024-03-11 12:59:07-04:00,511.04,117.0,12,"[14, 41]",0.0
2024-03-11 12:59:07-04:00,511.04,3.0,12,"[14, 37, 41]",0.0
2024-03-11 12:59:07-04:00,511.04,5.0,12,"[14, 37, 41]",0.0
2024-03-11 12:59:07-04:00,511.04,100.0,12,"[14, 41]",0.0
2024-03-11 12:59:07-04:00,511.04,8.0,12,"[14, 37, 41]",0.0
2024-03-11 12:59:40-04:00,510.97,1.0,8,"[14, 37, 41]",33.0
2024-03-11 13:01:37-04:00,510.781,24.0,2,[37],117.0
2024-03-11 13:01:49-04:00,511.0899,208.0,4,,12.0
2024-03-11 13:03:15-04:00,510.87,40.0,12,"[14, 37, 41]",86.0
2024-03-11 13:04:56-04:00,510.8979,1.0,4,[37],101.0
2024-03-11 13:06:00-04:00,510.965,100.0,4,,64.0
2024-03-11 13:06:20-04:00,510.99,100.0,12,,20.0
2024-03-11 13:06:20-04:00,510.99,900.0,4,,0.0
2024-03-11 13:06:20-04:00,510.99,700.0,4,,0.0
2024-03-11 13:06:20-04:00,510.99,100.0,19,,0.0
2024-03-11 13:06:20-04:00,510.99,200.0,19,,0.0
2024-03-11 13:06:20-04:00,510.99,200.0,21,,0.0
2024-03-11 13:06:20-04:00,510.99,100.0,11,,0.0
2024-03-11 13:06:20-04:00,510.99,200.0,11,,0.0
2024-03-11 13:06:20-04:00,510.99,200.0,8,,0.0
2024-03-11 13:07:33-04:00,510.56,1.0,4,[37],73.0
2024-03-11 13:08:42-04:00,510.72,100.0,12,"[14, 41]",69.0
2024-03-11 13:08:42-04:00,510.72,100.0,21,[14],0.0
2024-03-11 13:08:42-04:00,510.72,20.0,21,"[14, 37, 41]",0.0
2024-03-11 13:08:42-04:00,510.72,100.0,19,"[14, 41]",0.0
2024-03-11 13:08:42-04:00,510.72,20.0,19,"[14, 37, 41]",0.0
2024-03-11 13:10:51-04:00,510.655,2.0,4,[37],129.0
2024-03-11 13:14:45-04:00,510.33,17.0,4,[37],234.0
2024-03-11 13:16:47-04:00,510.5,10.0,10,[37],122.0
2024-03-11 13:16:48-04:00,510.53,100.0,12,,1.0
2024-03-11 13:16:48-04:00,510.53,92.0,12,[37],0.0
2024-03-11 13:24:10-04:00,511.065,1.0,4,[37],442.0
2024-03-11 13:28:59-04:00,511.275,16.0,4,[37],289.0
2024-03-11 13:30:21-04:00,511.23,10.0,11,[37],82.0
2024-03-11 13:30:43-04:00,511.265,1.0,4,[37],22.0
2024-03-11 13:31:11-04:00,511.4179,1.0,4,[37],28.0
2024-03-11 13:32:17-04:00,511.51,92.0,12,[37],66.0
2024-03-11 13:32:17-04:00,511.51,58.0,19,[37],0.0
2024-03-11 13:32:22-04:00,511.525,100.0,12,"[14, 41]",5.0
2024-03-11 13:32:22-04:00,511.52,97.0,8,"[14, 37, 41]",0.0
2024-03-11 13:32:22-04:00,511.52,100.0,12,"[14, 41]",0.0
2024-03-11 13:32:22-04:00,511.52,88.0,8,"[14, 37, 41]",0.0
2024-03-11 13:35:17-04:00,511.15,10.0,11,[37],175.0
2024-03-11 13:39:36-04:00,510.81,100.0,19,"[14, 41]",259.0
2024-03-11 13:39:36-04:00,510.81,1.0,12,"[14, 37, 41]",0.0
2024-03-11 13:39:36-04:00,510.81,100.0,12,"[14, 41]",0.0
2024-03-11 13:47:05-04:00,510.49,4.0,12,[37],449.0
2024-03-11 13:47:45-04:00,510.39,100.0,4,,40.0
2024-03-11 13:48:51-04:00,510.455,100.0,11,,66.0
2024-03-11 13:49:36-04:00,510.51,400.0,4,,45.0
2024-03-11 13:50:56-04:00,510.735,1.0,4,[37],80.0
2024-03-11 13:53:17-04:00,510.63,500.0,4,,141.0
2024-03-11 13:53:17-04:00,510.63,40.0,4,[37],0.0
2024-03-11 13:56:19-04:00,510.92,22.0,4,[37],182.0
2024-03-11 13:59:02-04:00,510.95,2.0,4,[37],163.0
2024-03-11 14:00:10-04:00,511.1179,1.0,4,[37],68.0
2024-03-11 14:00:17-04:00,511.06,100.0,19,"[14, 41]",7.0
2024-03-11 14:06:24-04:00,511.16,100.0,4,,367.0
2024-03-11 14:06:24-04:00,511.16,200.0,4,,0.0
2024-03-11 14:09:31-04:00,511.1288,1.0,4,[37],187.0
2024-03-11 14:10:19-04:00,511.08,39.0,12,"[14, 37, 41]",48.0
2024-03-11 14:10:19-04:00,511.08,61.0,12,[37],0.0
2024-03-11 14:10:19-04:00,511.08,3.0,12,[37],0.0
2024-03-11 14:12:25-04:00,510.88,100.0,12,"[14, 41]",126.0
2024-03-11 14:12:25-04:00,510.88,100.0,19,"[14, 41]",0.0
2024-03-11 14:12:25-04:00,510.88,30.0,19,"[14, 37, 41]",0.0
2024-03-11 14:12:25-04:00,510.88,100.0,11,"[14, 41]",0.0
2024-03-11 14:13:58-04:00,510.795,5.0,4,[37],93.0
2024-03-11 14:13:58-04:00,510.795,12.0,4,[37],0.0
2024-03-11 14:15:04-04:00,510.94,20.0,12,[37],66.0
2024-03-11 14:17:37-04:00,511.11,100.0,19,"[14, 41]",153.0
2024-03-11 14:17:37-04:00,511.11,4.0,8,"[14, 37, 41]",0.0
2024-03-11 14:17:37-04:00,511.11,96.0,8,"[14, 37, 41]",0.0
2024-03-11 14:17:37-04:00,511.11,3.0,12,"[14, 37, 41]",0.0
2024-03-11 14:17:37-04:00,511.11,100.0,12,"[14, 41]",0.0
2024-03-11 14:17:37-04:00,511.11,34.0,12,"[14, 37, 41]",0.0
2024-03-11 14:17:37-04:00,511.11,59.0,11,"[14, 37, 41]",0.0
2024-03-11 14:17:37-04:00,511.11,41.0,11,"[14, 37, 41]",0.0
2024-03-11 14:20:28-04:00,510.9799,2.0,4,[37],171.0
2024-03-11 14:25:45-04:00,511.04,20.0,12,"[14, 37, 41]",317.0
2024-03-11 14:27:22-04:00,511.14,1.0,4,[37],97.0
2024-03-11 14:28:10-04:00,511.05,100.0,12,"[14, 41]",48.0
2024-03-11 14:28:24-04:00,511.065,1.0,4,[37],14.0
2024-03-11 14:32:54-04:00,511.1701,5.0,4,[37],270.0
2024-03-11 14:33:20-04:00,511.04,8.0,12,[37],26.0
2024-03-11 14:33:20-04:00,511.04,1.0,11,[37],0.0
2024-03-11 14:35:26-04:00,510.88,100.0,10,"[14, 41]",126.0
2024-03-11 14:35:26-04:00,510.88,100.0,19,"[14, 41]",0.0
2024-03-11 14:35:26-04:00,510.88,1.0,8,"[14, 37, 41]",0.0
2024-03-11 14:38:27-04:00,511.06,22.0,4,[37],181.0
2024-03-11 14:38:53-04:00,510.95,1.0,4,[37],26.0
2024-03-11 14:40:51-04:00,511.0899,30.0,4,[37],118.0
2024-03-11 14:41:41-04:00,511.29,88.0,8,"[14, 37, 41]",50.0
2024-03-11 14:41:41-04:00,511.29,12.0,8,"[14, 37, 41]",0.0
2024-03-11 14:49:16-04:00,511.5981,100.0,4,,455.0
2024-03-11 14:50:57-04:00,511.78,100.0,12,"[14, 41]",101.0
2024-03-11 14:50:57-04:00,511.78,100.0,8,"[14, 41]",0.0
2024-03-11 14:50:57-04:00,511.78,3.0,11,"[14, 37, 41]",0.0
2024-03-11 14:52:34-04:00,511.635,9.0,4,[37],97.0
2024-03-11 14:58:25-04:00,511.45,80.0,4,"[53, 37, 41]",351.0
2024-03-11 14:59:37-04:00,511.505,100.0,4,,72.0
2024-03-11 15:00:54-04:00,511.5,100.0,12,"[14, 41]",77.0
2024-03-11 15:01:16-04:00,511.38,50.0,4,[37],22.0
2024-03-11 15:01:16-04:00,511.385,2.0,4,[37],0.0
2024-03-11 15:01:17-04:00,511.37,100.0,12,"[14, 41]",1.0
2024-03-11 15:04:03-04:00,511.4,1.0,4,[37],166.0
2024-03-11 15:04:16-04:00,511.495,12.0,4,[37],13.0
2024-03-11 15:04:52-04:00,511.47,100.0,12,"[14, 41]",36.0
2024-03-11 15:13:43-04:00,511.23,75.0,19,[37],531.0
2024-03-11 15:14:23-04:00,511.12,9.0,19,"[14, 37, 41]",40.0
2024-03-11 15:14:23-04:00,511.12,3.0,12,[37],0.0
2024-03-11 15:14:56-04:00,511.08,2.0,12,[37],33.0
2024-03-11 15:14:56-04:00,511.08,98.0,12,[37],0.0
2024-03-11 15:14:56-04:00,511.08,100.0,12,,0.0
2024-03-11 15:17:59-04:00,511.02,100.0,19,,183.0
2024-03-11 15:17:59-04:00,511.02,200.0,19,,0.0
2024-03-11 15:20:49-04:00,511.03,100.0,4,,170.0
2024-03-11 15:20:49-04:00,511.03,300.0,4,,0.0
2024-03-11 15:23:44-04:00,511.2,100.0,8,,175.0
2024-03-11 15:23:44-04:00,511.2,20.0,8,[37],0.0
2024-03-11 15:29:42-04:00,510.895,1.0,4,[37],358.0
2024-03-11 15:29:43-04:00,510.9,88.0,11,[37],1.0
2024-03-11 15:29:45-04:00,510.905,1.0,4,[37],2.0
2024-03-11 15:30:00-04:00,510.88,100.0,19,,15.0
2024-03-11 15:30:00-04:00,510.88,58.0,10,[37],0.0
2024-03-11 15:30:00-04:00,510.88,100.0,8,,0.0
2024-03-11 15:30:00-04:00,510.88,35.0,8,[37],0.0
2024-03-11 15:30:00-04:00,510.88,22.0,11,"[14, 37, 41]",0.0
2024-03-11 15:30:00-04:00,510.88,16.0,19,[37],0.0
2024-03-11 15:30:00-04:00,510.88,100.0,11,"[14, 41]",0.0
2024-03-11 15:30:00-04:00,510.875,100.0,11,"[14, 41]",0.0
2024-03-11 15:31:52-04:00,511.06,18.0,4,[37],112.0
2024-03-11 15:32:39-04:00,511.0849,7.0,4,[37],47.0
2024-03-11 15:33:07-04:00,511.0601,20.0,4,[37],28.0
2024-03-11 15:34:48-04:00,511.035,11.0,4,[37],101.0
2024-03-11 15:34:56-04:00,511.038,1.0,4,[37],8.0
2024-03-11 15:35:49-04:00,510.9898,625.0,4,,53.0
2024-03-11 15:36:10-04:00,511.015,500.0,4,,21.0
2024-03-11 15:38:30-04:00,510.878,1.0,4,[37],140.0
2024-03-11 15:39:20-04:00,510.83,22.0,11,"[14, 37, 41]",50.0
2024-03-11 15:39:20-04:00,510.83,29.0,11,"[14, 37, 41]",0.0
2024-03-11 15:39:20-04:00,510.83,39.0,4,[37],0.0
2024-03-11 15:39:39-04:00,510.795,5.0,4,[37],19.0
2024-03-11 15:41:16-04:00,511.085,100.0,4,,97.0
2024-03-11 15:41:16-04:00,511.0888,1.0,4,[37],0.0
2024-03-11 15:42:25-04:00,511.3151,3.0,4,[37],69.0
2024-03-11 15:44:04-04:00,511.3801,44.0,4,[37],99.0
2024-03-11 15:45:01-04:00,511.355,3.0,10,[37],57.0
2024-03-11 15:45:01-04:00,511.355,6.0,11,"[14, 37, 41]",0.0
2024-03-11 15:45:01-04:00,511.355,4.0,19,[37],0.0
2024-03-11 15:45:01-04:00,511.355,4.0,8,[37],0.0
2024-03-11 15:45:02-04:00,511.37,1.0,11,"[14, 37, 41]",1.0
2024-03-11 15:45:02-04:00,511.37,1.0,19,[37],0.0
2024-03-11 15:45:03-04:00,511.33,1.0,19,[37],1.0
2024-03-11 15:45:34-04:00,511.5,342.0,8,"[14, 41]",31.0
2024-03-11 15:45:34-04:00,511.5,100.0,12,"[14, 41]",0.0
2024-03-11 15:50:00-04:00,510.89,4.0,8,[37],266.0
2024-03-11 15:50:00-04:00,510.89,1.0,10,[37],0.0
2024-03-11 15:50:00-04:00,510.89,3.0,19,[37],0.0
2024-03-11 15:50:00-04:00,510.89,8.0,11,"[14, 37, 41]",0.0
2024-03-11 15:50:01-04:00,510.88,5.0,19,[37],1.0
2024-03-11 15:50:04-04:00,510.87,21.0,11,[37],3.0
2024-03-11 15:50:46-04:00,510.99,100.0,12,,42.0
2024-03-11 15:50:47-04:00,511.015,14.0,11,"[14, 37, 41]",1.0
2024-03-11 15:50:47-04:00,511.02,3.0,19,[37],0.0
2024-03-11 15:50:47-04:00,511.02,3.0,8,[37],0.0
2024-03-11 15:51:08-04:00,510.93,1.0,20,[37],21.0
2024-03-11 15:51:18-04:00,511.07,22.0,12,[37],10.0
2024-03-11 15:51:19-04:00,511.04,1.0,11,"[14, 37, 41]",1.0
2024-03-11 15:51:20-04:00,511.03,5.0,12,[37],1.0
2024-03-11 15:51:48-04:00,510.77,100.0,4,,28.0
2024-03-11 15:51:49-04:00,510.77,2.0,12,[37],1.0
2024-03-11 15:51:49-04:00,510.77,2.0,19,[37],0.0
2024-03-11 15:51:49-04:00,510.77,3.0,8,[37],0.0
2024-03-11 15:51:49-04:00,510.77,1.0,11,"[14, 37, 41]",0.0
2024-03-11 15:51:49-04:00,510.77,7.0,10,[37],0.0
2024-03-11 15:51:52-04:00,510.81,100.0,18,"[14, 41]",3.0
2024-03-11 15:52:11-04:00,510.85,33.0,11,"[14, 37, 41]",19.0
2024-03-11 15:52:11-04:00,510.85,99.0,12,[37],0.0
2024-03-11 15:52:12-04:00,510.81,6.0,11,"[14, 37, 41]",1.0
2024-03-11 15:52:12-04:00,510.81,6.0,12,[37],0.0
2024-03-11 15:52:50-04:00,510.745,10.0,19,[37],38.0
2024-03-11 15:52:50-04:00,510.75,1.0,19,"[14, 37, 41]",0.0
2024-03-11 15:53:45-04:00,510.72,2.0,11,"[14, 37, 41]",55.0
2024-03-11 15:53:45-04:00,510.72,2.0,19,[37],0.0
2024-03-11 15:53:45-04:00,510.72,11.0,12,[37],0.0
2024-03-11 15:53:46-04:00,510.71,1.0,11,"[14, 37, 41]",1.0
2024-03-11 15:53:46-04:00,510.71,3.0,19,[37],0.0
2024-03-11 15:53:46-04:00,510.71,3.0,12,[37],0.0
2024-03-11 15:54:16-04:00,510.7,200.0,4,,30.0
2024-03-11 15:55:11-04:00,510.745,4.0,4,[37],55.0
2024-03-11 15:55:25-04:00,510.71,43.0,12,"[14, 37, 41]",14.0
2024-03-11 15:55:25-04:00,510.71,157.0,12,"[14, 41]",0.0
2024-03-11 15:55:25-04:00,510.71,21.0,12,"[14, 37, 41]",0.0
2024-03-11 15:55:25-04:00,510.71,57.0,12,"[14, 37, 41]",0.0
2024-03-11 15:55:25-04:00,510.71,7.0,21,"[14, 37, 41]",0.0
2024-03-11 15:55:25-04:00,510.71,100.0,12,,0.0
2024-03-11 15:55:25-04:00,510.71,200.0,19,"[14, 41]",0.0
2024-03-11 15:55:25-04:00,510.71,1.0,10,"[14, 37, 41]",0.0
2024-03-11 15:55:45-04:00,510.84,59.0,8,[37],20.0
2024-03-11 15:56:32-04:00,510.95,20.0,11,"[14, 37, 41]",47.0
2024-03-11 15:56:32-04:00,510.95,10.0,19,[37],0.0
2024-03-11 15:56:32-04:00,510.95,15.0,12,[37],0.0
2024-03-11 15:56:33-04:00,510.95,1.0,12,[37],1.0
2024-03-11 15:56:56-04:00,510.99,1.0,11,"[14, 37, 41]",23.0
2024-03-11 15:56:56-04:00,510.99,7.0,21,"[14, 37, 41]",0.0
2024-03-11 15:56:56-04:00,510.99,61.0,10,"[14, 37, 41]",0.0
2024-03-11 15:56:56-04:00,510.99,9.0,11,"[14, 37, 41]",0.0
2024-03-11 15:57:00-04:00,511.0,129.0,12,,4.0
2024-03-11 15:57:00-04:00,511.0,40.0,12,[37],0.0
2024-03-11 15:57:00-04:00,511.0,100.0,12,,0.0
2024-03-11 15:57:00-04:00,511.0,98.0,8,[37],0.0
2024-03-11 15:57:00-04:00,511.0,100.0,11,"[14, 41]",0.0
2024-03-11 15:57:00-04:00,511.0,40.0,19,[37],0.0
2024-03-11 15:57:00-04:00,511.0,100.0,19,,0.0
2024-03-11 15:57:00-04:00,511.0,49.0,10,[37],0.0
2024-03-11 15:57:00-04:00,511.0,96.0,11,"[14, 37, 41]",0.0
2024-03-11 15:57:00-04:00,511.0,105.0,19,,0.0
2024-03-11 15:57:05-04:00,510.96,14.0,10,[37],5.0
2024-03-11 15:57:05-04:00,510.96,38.0,1,[37],0.0
2024-03-11 15:57:05-04:00,510.96,24.0,19,[37],0.0
2024-03-11 15:57:05-04:00,510.96,19.0,8,[37],0.0
2024-03-11 15:57:05-04:00,510.96,47.0,11,"[14, 37, 41]",0.0
2024-03-11 15:57:06-04:00,510.95,18.0,11,"[14, 37, 41]",1.0
2024-03-11 15:57:06-04:00,510.95,2.0,10,[37],0.0
2024-03-11 15:57:06-04:00,510.95,12.0,19,[37],0.0
2024-03-11 15:57:06-04:00,510.95,9.0,8,[37],0.0
2024-03-11 15:57:07-04:00,510.97,2.0,8,[37],1.0
2024-03-11 15:57:07-04:00,510.97,2.0,19,[37],0.0
2024-03-11 15:57:07-04:00,510.97,2.0,10,[37],0.0
2024-03-11 15:57:07-04:00,510.97,2.0,11,"[14, 37, 41]",0.0
2024-03-11 15:57:48-04:00,511.21,100.0,21,,41.0
2024-03-11 15:57:48-04:00,511.21,18.0,19,[37],0.0
2024-03-11 15:57:48-04:00,511.21,40.0,8,"[14, 37, 41]",0.0
2024-03-11 15:57:48-04:00,511.21,200.0,8,"[14, 41]",0.0
2024-03-11 15:57:48-04:00,511.21,3.0,12,[37],0.0
2024-03-11 15:57:48-04:00,511.21,5.0,19,[37],0.0
2024-03-11 15:57:48-04:00,511.21,40.0,12,[37],0.0
2024-03-11 15:58:02-04:00,511.255,2.0,11,"[14, 37, 41]",14.0
2024-03-11 15:58:02-04:00,511.255,1.0,19,[37],0.0
2024-03-11 15:58:02-04:00,511.255,1.0,8,[37],0.0
2024-03-11 15:58:02-04:00,511.26,2.0,12,[37],0.0
2024-03-11 15:58:03-04:00,511.255,1.0,11,"[14, 37, 41]",1.0
2024-03-11 15:58:03-04:00,511.255,1.0,19,[37],0.0
2024-03-11 15:58:04-04:00,511.255,1.0,19,[37],1.0
2024-03-11 15:58:05-04:00,511.26,7.0,12,[37],1.0
2024-03-11 15:58:05-04:00,511.26,6.0,19,[37],0.0
2024-03-11 15:58:05-04:00,511.255,9.0,11,"[14, 37, 41]",0.0
2024-03-11 15:58:05-04:00,511.255,5.0,8,[37],0.0
2024-03-11 15:59:46-04:00,511.37,100.0,11,,101.0
2024-03-11 15:59:50-04:00,511.29,549.0,11,"[14, 41]",4.0
2024-03-11 15:59:50-04:00,511.295,10.0,4,[37],0.0
2024-03-11 15:59:58-04:00,511.25,100.0,12,"[14, 41]",8.0
2024-03-11 15:59:58-04:00,511.25,300.0,8,"[14, 41]",0.0
2024-03-11 15:59:59-04:00,511.21,29.0,11,[37],1.0
2024-03-11 15:59:59-04:00,511.21,100.0,12,"[14, 41]",0.0
2024-03-11 15:59:59-04:00,511.21,1.0,19,"[14, 37, 41]",0.0
2024-03-11 15:59:59-04:00,511.21,222.0,11,"[14, 41]",0.0
2024-03-11 16:00:00-04:00,511.26,95.0,11,"[14, 37, 41]",1.0
2024-03-11 16:00:00-04:00,511.26,753.0,11,,0.0
2024-03-11 16:00:00-04:00,511.26,100.0,8,"[14, 41]",0.0
2024-03-11 16:00:00-04:00,511.26,305.0,11,"[14, 41]",0.0
2024-03-11 16:00:00-04:00,511.26,200.0,11,"[14, 41]",0.0
2024-03-11 16:00:00-04:00,511.26,195.0,11,"[14, 41]",0.0
2024-03-11 16:00:00-04:00,511.26,5.0,11,"[14, 37, 41]",0.0
2024-03-11 16:00:00-04:00,511.26,300.0,11,"[14, 41]",0.0
2024-03-12 09:30:06-04:00,513.41,1.0,4,[37],63006.0
2024-03-12 09:30:20-04:00,513.53,100.0,11,,14.0
2024-03-12 09:30:25-04:00,513.48,100.0,11,,5.0
2024-03-12 09:30:40-04:00,513.65,100.0,11,,15.0
2024-03-12 09:30:45-04:00,513.6201,1.0,4,[37],5.0
2024-03-12 09:30:45-04:00,513.7,100.0,11,,0.0
2024-03-12 09:30:48-04:00,513.7201,5.0,4,[37],3.0
2024-03-12 09:30:55-04:00,513.665,5.0,4,[37],7.0
2024-03-12 09:31:00-04:00,513.59,100.0,11,,5.0
2024-03-12 09:31:05-04:00,513.57,100.0,11,,5.0
2024-03-12 09:31:10-04:00,513.62,100.0,11,,5.0
2024-03-12 09:31:14-04:00,513.49,100.0,19,,4.0
2024-03-12 09:31:15-04:00,513.5,100.0,11,,1.0
2024-03-12 09:31:20-04:00,513.64,33.0,18,[37],5.0
2024-03-12 09:31:20-04:00,513.64,100.0,11,,0.0
2024-03-12 09:31:25-04:00,513.56,100.0,11,,5.0
2024-03-12 09:31:30-04:00,513.5,100.0,11,,5.0
2024-03-12 09:31:30-04:00,513.5,83.0,11,[37],0.0
2024-03-12 09:33:00-04:00,513.47,100.0,11,,90.0
2024-03-12 09:33:03-04:00,513.37,100.0,11,,3.0
2024-03-12 09:33:06-04:00,513.39,390.0,11,,3.0
2024-03-12 09:33:09-04:00,513.31,100.0,11,,3.0
2024-03-12 09:33:09-04:00,513.31,90.0,11,[37],0.0
2024-03-12 09:33:09-04:00,513.31,22.0,10,[37],0.0
2024-03-12 09:33:09-04:00,513.31,5.0,21,[37],0.0
2024-03-12 09:33:09-04:00,513.31,7.0,21,[37],0.0
2024-03-12 09:33:09-04:00,513.31,22.0,19,[37],0.0
2024-03-12 09:33:09-04:00,513.31,33.0,8,[37],0.0
2024-03-12 09:33:12-04:00,513.37,190.0,11,,3.0
2024-03-12 09:33:12-04:00,513.37,100.0,11,,0.0
2024-03-12 09:33:15-04:00,513.38,100.0,11,,3.0
2024-03-12 09:33:18-04:00,513.45,99.0,19,[37],3.0
2024-03-12 09:33:18-04:00,513.45,100.0,11,,0.0
2024-03-12 09:33:18-04:00,513.45,90.0,11,[37],0.0
2024-03-12 09:33:18-04:00,513.45,1.0,19,[37],0.0
2024-03-12 09:33:24-04:00,513.4,100.0,11,,6.0
2024-03-12 09:33:24-04:00,513.4,190.0,11,,0.0
2024-03-12 09:33:25-04:00,513.42,100.0,8,"[14, 41]",1.0
2024-03-12 09:33:25-04:00,513.425,100.0,4,,0.0
2024-03-12 09:33:33-04:00,513.46,100.0,11,,8.0
2024-03-12 09:33:36-04:00,513.47,100.0,11,,3.0
2024-03-12 09:33:36-04:00,513.47,90.0,11,[37],0.0
2024-03-12 09:33:39-04:00,513.52,100.0,11,,3.0
2024-03-12 09:33:39-04:00,513.52,11.0,11,[37],0.0
2024-03-12 09:33:39-04:00,513.52,190.0,11,,0.0
2024-03-12 09:33:42-04:00,513.56,100.0,11,,3.0
2024-03-12 09:33:42-04:00,513.56,90.0,11,[37],0.0
2024-03-12 09:33:48-04:00,513.53,390.0,11,,6.0
2024-03-12 09:33:54-04:00,513.43,100.0,11,,6.0
2024-03-12 09:33:54-04:00,513.43,190.0,11,,0.0
2024-03-12 09:33:57-04:00,513.5,88.0,11,[37],3.0
2024-03-12 09:33:57-04:00,513.5,100.0,11,,0.0
2024-03-12 09:33:57-04:00,513.5,2.0,11,[37],0.0
2024-03-12 09:34:00-04:00,513.465,100.0,11,,3.0
2024-03-12 09:34:00-04:00,513.47,100.0,11,,0.0
2024-03-12 09:34:03-04:00,513.41,100.0,11,,3.0
2024-03-12 09:34:06-04:00,513.395,100.0,11,,3.0
2024-03-12 09:34:09-04:00,513.3,100.0,11,,3.0
2024-03-12 09:34:12-04:00,513.29,90.0,11,[37],3.0
2024-03-12 09:34:12-04:00,513.29,100.0,11,,0.0
2024-03-12 09:34:12-04:00,513.28,100.0,11,,0.0
2024-03-12 09:34:15-04:00,513.27,100.0,11,,3.0
2024-03-12 09:34:18-04:00,513.14,100.0,11,,3.0
2024-03-12 09:34:18-04:00,513.14,90.0,11,[37],0.0
2024-03-12 09:34:24-04:00,513.01,1.0,4,[37],6.0
2024-03-12 09:34:39-04:00,513.06,285.0,19,"[14, 41]",15.0
2024-03-12 09:34:39-04:00,513.06,100.0,11,"[14, 41]",0.0
2024-03-12 09:34:39-04:00,513.06,287.0,19,"[14, 41]",0.0
2024-03-12 09:34:58-04:00,512.93,700.0,4,,19.0
2024-03-12 09:36:25-04:00,511.93,100.0,10,"[14, 41]",87.0
2024-03-12 09:36:50-04:00,511.8901,50.0,4,[37],25.0
2024-03-12 09:37:00-04:00,512.02,25.0,12,"[14, 37, 41]",10.0
2024-03-12 09:37:00-04:00,512.02,73.0,12,"[14, 37, 41]",0.0
2024-03-12 09:37:00-04:00,512.02,95.0,12,"[14, 37, 41]",0.0
2024-03-12 09:39:00-04:00,511.79,150.0,4,,120.0
2024-03-12 09:39:55-04:00,511.48,10.0,4,[37],55.0
2024-03-12 09:39:55-04:00,511.48,20.0,11,[37],0.0
2024-03-12 09:41:41-04:00,511.86,13.0,4,[37],106.0
2024-03-12 09:41:42-04:00,511.871,2.0,4,[37],1.0
2024-03-12 09:41:46-04:00,511.86,35.0,7,"[14, 37, 41]",4.0
2024-03-12 09:41:46-04:00,511.86,100.0,10,"[14, 41]",0.0
2024-03-12 09:42:11-04:00,511.85,100.0,11,,25.0
2024-03-12 09:42:11-04:00,511.85,100.0,21,,0.0
2024-03-12 09:42:11-04:00,511.85,400.0,12,,0.0
2024-03-12 09:42:11-04:00,511.85,400.0,19,,0.0
2024-03-12 09:43:47-04:00,511.67,31.0,4,[37],96.0
2024-03-12 09:45:08-04:00,511.515,6.0,4,[37],81.0
2024-03-12 09:46:10-04:00,510.95,2.0,4,[37],62.0
2024-03-12 09:46:28-04:00,510.97,1000.0,4,,18.0
2024-03-12 09:46:28-04:00,510.975,99.0,4,[37],0.0
2024-03-12 09:46:28-04:00,510.975,1.0,4,[37],0.0
2024-03-12 09:46:28-04:00,510.975,499.0,4,,0.0
2024-03-12 09:46:28-04:00,510.975,100.0,4,,0.0
2024-03-12 09:48:14-04:00,511.075,187.0,4,,106.0
2024-03-12 09:50:35-04:00,511.48,45.0,11,"[14, 37, 41]",141.0
2024-03-12 09:50:35-04:00,511.48,100.0,12,"[14, 41]",0.0
2024-03-12 09:50:46-04:00,511.62,25.0,11,"[14, 37, 41]",11.0
2024-03-12 09:50:46-04:00,511.63,1.0,19,"[14, 37, 41]",0.0
2024-03-12 09:50:46-04:00,511.62,20.0,12,"[14, 37, 41]",0.0
2024-03-12 09:52:18-04:00,511.71,3.0,11,[37],92.0
2024-03-12 09:52:43-04:00,511.8699,75.0,4,[37],25.0
2024-03-12 09:54:43-04:00,511.95,100.0,4,,120.0
2024-03-12 09:55:16-04:00,512.28,99.0,11,[37],33.0
2024-03-12 09:55:16-04:00,512.28,6.0,12,"[14, 37, 41]",0.0
2024-03-12 09:55:16-04:00,512.28,48.0,11,"[14, 37, 41]",0.0
2024-03-12 09:55:16-04:00,512.28,84.0,8,[37],0.0
2024-03-12 09:55:16-04:00,512.28,100.0,8,"[14, 41]",0.0
2024-03-12 09:55:16-04:00,512.28,1.0,11,[37],0.0
2024-03-12 09:55:16-04:00,512.28,52.0,11,[37],0.0
2024-03-12 09:55:16-04:00,512.28,16.0,8,[37],0.0
2024-03-12 09:55:16-04:00,512.29,15.0,19,[37],0.0
2024-03-12 09:55:16-04:00,512.29,39.0,19,[37],0.0
2024-03-12 09:55:16-04:00,512.29,23.0,19,[37],0.0
2024-03-12 09:55:16-04:00,512.29,21.0,8,"[14, 37, 41]",0.0
2024-03-12 09:55:16-04:00,512.28,194.0,12,"[14, 41]",0.0
2024-03-12 09:55:16-04:00,512.28,113.0,12,"[14, 41]",0.0
2024-03-12 09:55:16-04:00,512.28,71.0,12,"[14, 37, 41]",0.0
2024-03-12 09:55:16-04:00,512.29,62.0,19,[37],0.0
2024-03-12 09:55:16-04:00,512.29,8.0,12,[37],0.0
2024-03-12 09:55:47-04:00,512.49,100.0,8,"[14, 41]",31.0
2024-03-12 09:55:47-04:00,512.49,100.0,12,"[14, 41]",0.0
2024-03-12 09:55:47-04:00,512.48,20.0,20,"[14, 37, 41]",0.0
2024-03-12 09:55:47-04:00,512.5,20.0,11,"[14, 37, 41]",0.0
2024-03-12 09:55:47-04:00,512.5,5.0,11,"[14, 37, 41]",0.0
2024-03-12 09:55:47-04:00,512.48,100.0,21,[14],0.0
2024-03-12 09:55:47-04:00,512.49,20.0,21,"[14, 37, 41]",0.0
2024-03-12 09:55:47-04:00,512.5,3.0,11,"[14, 37, 41]",0.0
2024-03-12 09:55:47-04:00,512.5,363.0,11,"[14, 41]",0.0
2024-03-12 09:55:47-04:00,512.5,100.0,11,"[14, 41]",0.0
2024-03-12 09:55:47-04:00,512.5,340.0,1,"[14, 41]",0.0
2024-03-12 09:55:47-04:00,512.49,4.0,20,"[14, 37, 41]",0.0
2024-03-12 09:55:47-04:00,512.48,100.0,12,"[14, 41]",0.0
2024-03-12 09:55:47-04:00,512.49,5.0,21,"[14, 37, 41]",0.0
2024-03-12 09:55:47-04:00,512.48,100.0,11,"[14, 41]",0.0
2024-03-12 09:55:47-04:00,512.48,40.0,11,"[14, 37, 41]",0.0
2024-03-12 09:55:47-04:00,512.49,8.0,11,"[14, 37, 41]",0.0
2024-03-12 09:55:47-04:00,512.49,100.0,11,"[14, 41]",0.0
2024-03-12 09:55:47-04:00,512.49,500.0,11,"[14, 41]",0.0
2024-03-12 09:55:47-04:00,512.48,120.0,10,"[14, 41]",0.0
2024-03-12 09:55:47-04:00,512.49,120.0,10,"[14, 41]",0.0
2024-03-12 09:55:47-04:00,512.48,30.0,12,"[14, 37, 41]",0.0
2024-03-12 09:55:47-04:00,512.48,100.0,8,"[14, 41]",0.0
2024-03-12 09:55:47-04:00,512.49,1.0,19,"[14, 37, 41]",0.0
2024-03-12 09:55:47-04:00,512.48,100.0,19,"[14, 41]",0.0
2024-03-12 09:55:47-04:00,512.49,100.0,19,"[14, 41]",0.0
2024-03-12 09:55:47-04:00,512.48,30.0,19,"[14, 37, 41]",0.0
2024-03-12 09:57:44-04:00,512.975,5.0,4,[37],117.0
2024-03-12 09:59:18-04:00,513.38,100.0,10,"[14, 41]",94.0
2024-03-12 10:00:55-04:00,513.52,1.0,12,[37],97.0
2024-03-12 10:03:16-04:00,513.27,88.0,11,[37],141.0
2024-03-12 10:03:16-04:00,513.27,12.0,11,[37],0.0
2024-03-12 10:03:25-04:00,513.14,3.0,4,[37],9.0
2024-03-12 10:03:27-04:00,513.09,99.0,19,"[14, 37, 41]",2.0
2024-03-12 10:03:27-04:00,513.09,100.0,19,"[14, 41]",0.0
2024-03-12 10:03:27-04:00,513.09,1.0,19,"[14, 37, 41]",0.0
2024-03-12 10:04:08-04:00,513.0,33.0,19,[37],41.0
2024-03-12 10:04:08-04:00,513.0,1.0,19,[37],0.0
2024-03-12 10:04:08-04:00,513.0,26.0,21,[37],0.0
2024-03-12 10:04:08-04:00,513.0,24.0,12,[37],0.0
2024-03-12 10:04:08-04:00,513.0,20.0,20,[37],0.0
2024-03-12 10:05:13-04:00,513.1,1.0,4,[37],65.0
2024-03-12 10:05:27-04:00,513.11,100.0,12,"[14, 41]",14.0
2024-03-12 10:05:37-04:00,513.09,200.0,11,"[14, 41]",10.0
2024-03-12 10:05:40-04:00,513.08,3.0,12,[37],3.0
2024-03-12 10:05:40-04:00,513.08,2.0,19,[37],0.0
2024-03-12 10:05:40-04:00,513.08,2.0,8,[37],0.0
2024-03-12 10:05:40-04:00,513.08,2.0,11,"[14, 37, 41]",0.0
2024-03-12 10:05:40-04:00,513.08,2.0,10,[37],0.0
2024-03-12 10:05:50-04:00,513.05,4.0,11,"[14, 37, 41]",10.0
2024-03-12 10:05:50-04:00,513.05,1.0,10,[37],0.0
2024-03-12 10:05:50-04:00,513.05,4.0,19,[37],0.0
2024-03-12 10:05:50-04:00,513.05,2.0,8,[37],0.0
2024-03-12 10:05:50-04:00,513.05,4.0,12,[37],0.0
2024-03-12 10:06:00-04:00,513.15,9.0,11,"[14, 37, 41]",10.0
2024-03-12 10:06:00-04:00,513.15,1.0,10,[37],0.0
2024-03-12 10:06:00-04:00,513.15,8.0,19,[37],0.0
2024-03-12 10:06:00-04:00,513.15,6.0,8,[37],0.0
2024-03-12 10:06:00-04:00,513.15,11.0,12,[37],0.0
2024-03-12 10:06:10-04:00,513.22,2.0,12,[37],10.0
2024-03-12 10:06:10-04:00,513.22,2.0,8,[37],0.0
2024-03-12 10:06:10-04:00,513.22,2.0,19,[37],0.0
2024-03-12 10:06:10-04:00,513.22,3.0,11,"[14, 37, 41]",0.0
2024-03-12 10:06:10-04:00,513.22,2.0,10,[37],0.0
2024-03-12 10:06:20-04:00,513.44,19.0,10,[37],10.0
2024-03-12 10:06:20-04:00,513.44,3.0,12,[37],0.0
2024-03-12 10:06:20-04:00,513.44,16.0,12,[37],0.0
2024-03-12 10:06:28-04:00,513.47,7.0,11,"[14, 37, 41]",8.0
2024-03-12 10:06:29-04:00,513.495,100.0,12,,1.0
2024-03-12 10:06:31-04:00,513.55,49.0,4,[37],2.0
2024-03-12 10:07:05-04:00,513.725,8.0,4,[37],34.0
2024-03-12 10:07:05-04:00,513.73,700.0,4,,0.0
2024-03-12 10:07:05-04:00,513.725,1.0,4,[37],0.0
2024-03-12 10:07:09-04:00,513.6602,87.0,4,[37],4.0
2024-03-12 10:07:40-04:00,513.77,5.0,12,[37],31.0
2024-03-12 10:07:40-04:00,513.76,2.0,8,[37],0.0
2024-03-12 10:07:40-04:00,513.765,2.0,19,[37],0.0
2024-03-12 10:07:40-04:00,513.765,2.0,11,"[14, 37, 41]",0.0
2024-03-12 10:07:40-04:00,513.76,2.0,10,[37],0.0
2024-03-12 10:07:50-04:00,513.71,3.0,19,[37],10.0
2024-03-12 10:07:50-04:00,513.71,19.0,8,[37],0.0
2024-03-12 10:08:00-04:00,513.84,1.0,11,"[14, 37, 41]",10.0
2024-03-12 10:08:00-04:00,513.84,1.0,10,[37],0.0
2024-03-12 10:08:00-04:00,513.84,1.0,8,[37],0.0
2024-03-12 10:08:00-04:00,513.84,20.0,19,[37],0.0
2024-03-12 10:08:00-04:00,513.84,2.0,12,[37],0.0
2024-03-12 10:08:01-04:00,513.8301,10.0,4,[37],1.0
2024-03-12 10:08:10-04:00,513.8,1.0,12,[37],9.0
2024-03-12 10:08:36-04:00,513.87,2.0,11,[37],26.0
2024-03-12 10:08:36-04:00,513.87,100.0,12,,0.0
2024-03-12 10:08:36-04:00,513.87,101.0,12,,0.0
2024-03-12 10:08:36-04:00,513.87,100.0,11,"[14, 41]",0.0
2024-03-12 10:08:36-04:00,513.87,100.0,20,"[14, 41]",0.0
2024-03-12 10:08:36-04:00,513.87,100.0,21,[14],0.0
2024-03-12 10:08:36-04:00,513.87,99.0,12,"[14, 37, 41]",0.0
2024-03-12 10:09:40-04:00,513.58,98.0,12,"[14, 37, 41]",64.0
2024-03-12 10:10:58-04:00,513.785,100.0,4,,78.0
2024-03-12 10:11:16-04:00,513.74,22.0,4,[37],18.0
2024-03-12 10:12:18-04:00,513.67,1.0,4,[37],62.0
2024-03-12 10:12:20-04:00,513.63,1.0,19,[37],2.0
2024-03-12 10:12:20-04:00,513.63,1.0,12,[37],0.0
2024-03-12 10:12:50-04:00,513.69,1.0,19,[37],30.0
2024-03-12 10:12:50-04:00,513.69,3.0,8,[37],0.0
2024-03-12 10:12:50-04:00,513.69,3.0,11,"[14, 37, 41]",0.0
2024-03-12 10:12:50-04:00,513.69,5.0,19,[37],0.0
2024-03-12 10:13:00-04:00,513.68,4.0,11,"[14, 37, 41]",10.0
2024-03-12 10:13:00-04:00,513.68,2.0,10,[37],0.0
2024-03-12 10:13:00-04:00,513.68,1.0,1,[37],0.0
2024-03-12 10:13:00-04:00,513.68,3.0,19,[37],0.0
2024-03-12 10:13:00-04:00,513.68,3.0,8,[37],0.0
2024-03-12 10:13:00-04:00,513.68,3.0,12,[37],0.0
2024-03-12 10:13:10-04:00,513.49,2.0,11,"[14, 37, 41]",10.0
2024-03-12 10:13:10-04:00,513.49,2.0,10,[37],0.0
2024-03-12 10:13:10-04:00,513.49,3.0,19,[37],0.0
2024-03-12 10:13:10-04:00,513.49,2.0,8,[37],0.0
2024-03-12 10:13:10-04:00,513.49,2.0,12,[37],0.0
2024-03-12 10:13:20-04:00,513.48,1.0,12,[37],10.0
2024-03-12 10:13:20-04:00,513.48,1.0,8,[37],0.0
2024-03-12 10:13:20-04:00,513.48,1.0,11,"[14, 37, 41]",0.0
2024-03-12 10:13:20-04:00,513.48,1.0,19,[37],0.0
2024-03-12 10:14:44-04:00,513.6271,100.0,4,"[10, 2, 41]",84.0
2024-03-12 10:16:39-04:00,513.8197,1.0,4,[37],115.0
2024-03-12 10:17:00-04:00,513.78,7.0,11,"[14, 37, 41]",21.0
2024-03-12 10:17:00-04:00,513.78,3.0,10,[37],0.0
2024-03-12 10:17:00-04:00,513.78,5.0,19,[37],0.0
2024-03-12 10:17:00-04:00,513.78,6.0,8,[37],0.0
2024-03-12 10:17:00-04:00,513.78,5.0,12,[37],0.0
2024-03-12 10:17:10-04:00,513.92,2.0,12,[37],10.0
2024-03-12 10:17:10-04:00,513.92,1.0,11,"[14, 37, 41]",0.0
2024-03-12 10:17:10-04:00,513.92,2.0,19,[37],0.0
2024-03-12 10:17:10-04:00,513.92,2.0,8,[37],0.0
2024-03-12 10:19:01-04:00,513.67,1.0,4,[37],111.0
2024-03-12 10:19:34-04:00,513.77,1.0,12,[37],33.0
2024-03-12 10:20:40-04:00,513.74,4.0,12,[37],66.0
2024-03-12 10:20:40-04:00,513.74,5.0,12,[37],0.0
2024-03-12 10:20:50-04:00,513.71,4.0,11,"[14, 37, 41]",10.0
2024-03-12 10:20:50-04:00,513.71,3.0,10,[37],0.0
2024-03-12 10:20:50-04:00,513.71,4.0,19,[37],0.0
2024-03-12 10:20:50-04:00,513.71,7.0,8,[37],0.0
2024-03-12 10:20:50-04:00,513.71,5.0,12,[37],0.0
2024-03-12 10:21:00-04:00,513.63,4.0,8,[37],10.0
2024-03-12 10:21:00-04:00,513.63,2.0,19,[37],0.0
2024-03-12 10:21:00-04:00,513.63,4.0,12,[37],0.0
2024-03-12 10:21:00-04:00,513.63,3.0,11,"[14, 37, 41]",0.0
2024-03-12 10:21:00-04:00,513.63,3.0,10,[37],0.0
2024-03-12 10:21:10-04:00,513.76,10.0,12,[37],10.0
2024-03-12 10:21:10-04:00,513.76,18.0,8,[37],0.0
2024-03-12 10:21:10-04:00,513.76,8.0,11,"[14, 37, 41]",0.0
2024-03-12 10:21:10-04:00,513.76,3.0,10,[37],0.0
2024-03-12 10:21:10-04:00,513.76,5.0,19,[37],0.0
2024-03-12 10:21:20-04:00,513.8,1.0,11,"[14, 37, 41]",10.0
2024-03-12 10:21:20-04:00,513.8,1.0,10,[37],0.0
2024-03-12 10:21:20-04:00,513.8,1.0,19,[37],0.0
2024-03-12 10:21:20-04:00,513.8,1.0,8,[37],0.0
2024-03-12 10:21:20-04:00,513.8,1.0,12,[37],0.0
2024-03-12 10:21:30-04:00,513.77,1.0,12,[37],10.0
2024-03-12 10:22:55-04:00,514.14,1.0,4,[37],85.0
2024-03-12 10:24:03-04:00,514.3882,100.0,4,,68.0
2024-03-12 10:24:05-04:00,514.3798,355.0,4,,2.0
2024-03-12 10:24:22-04:00,514.439,571.0,10,,17.0
2024-03-12 10:24:30-04:00,514.4179,20.0,4,[37],8.0
2024-03-12 10:24:49-04:00,514.5401,1.0,4,[37],19.0
2024-03-12 10:25:38-04:00,514.76,1.0,4,[37],49.0
2024-03-12 10:29:41-04:00,515.1,1.0,4,[37],243.0
2024-03-12 10:29:43-04:00,515.065,2.0,4,[37],2.0
2024-03-12 10:29:43-04:00,515.065,1.0,4,[37],0.0
2024-03-12 10:30:24-04:00,515.335,5.0,4,[37],41.0
2024-03-12 10:30:39-04:00,515.41,99.0,11,[37],15.0
2024-03-12 10:31:03-04:00,515.0271,76.0,4,"[10, 37, 41]",24.0
2024-03-12 10:31:51-04:00,515.45,100.0,11,"[14, 41]",48.0
2024-03-12 10:31:51-04:00,515.45,200.0,19,"[14, 41]",0.0
2024-03-12 10:31:51-04:00,515.45,50.0,11,"[14, 37, 41]",0.0
2024-03-12 10:32:15-04:00,515.39,10.0,8,"[14, 37, 41]",24.0
2024-03-12 10:32:29-04:00,515.3629,1.0,4,[37],14.0
2024-03-12 10:35:07-04:00,515.515,20.0,4,[37],158.0
2024-03-12 10:35:23-04:00,515.56,82.0,11,"[14, 37, 41]",16.0
2024-03-12 10:36:01-04:00,515.45,100.0,7,"[14, 41]",38.0
2024-03-12 10:36:01-04:00,515.45,200.0,7,"[14, 41]",0.0
2024-03-12 10:36:01-04:00,515.45,12.0,18,"[14, 37, 41]",0.0
2024-03-12 10:36:13-04:00,515.57,90.0,11,"[14, 37, 41]",12.0
2024-03-12 10:36:13-04:00,515.57,10.0,11,"[14, 37, 41]",0.0
2024-03-12 10:36:13-04:00,515.57,41.0,11,"[14, 37, 41]",0.0
2024-03-12 10:36:13-04:00,515.57,52.0,11,"[14, 37, 41]",0.0
2024-03-12 10:36:13-04:00,515.57,7.0,11,"[14, 37, 41]",0.0
2024-03-12 10:36:13-04:00,515.57,200.0,11,"[14, 41]",0.0
2024-03-12 10:36:13-04:00,515.57,200.0,10,,0.0
2024-03-12 10:36:13-04:00,515.57,100.0,19,"[14, 41]",0.0
2024-03-12 10:36:24-04:00,515.68,60.0,19,[37],11.0
2024-03-12 10:36:24-04:00,515.68,100.0,12,,0.0
2024-03-12 10:36:24-04:00,515.68,92.0,12,[37],0.0
2024-03-12 10:36:33-04:00,515.63,77.0,11,"[14, 37, 41]",9.0
2024-03-12 10:36:33-04:00,515.63,100.0,10,"[14, 41]",0.0
2024-03-12 10:36:33-04:00,515.63,64.0,11,"[14, 37, 41]",0.0
2024-03-12 10:36:33-04:00,515.63,76.0,19,"[14, 37, 41]",0.0
2024-03-12 10:36:33-04:00,515.63,24.0,19,"[14, 37, 41]",0.0
2024-03-12 10:36:33-04:00,515.63,95.0,8,"[14, 37, 41]",0.0
2024-03-12 10:36:33-04:00,515.63,100.0,20,"[14, 41]",0.0
2024-03-12 10:36:33-04:00,515.63,100.0,11,,0.0
2024-03-12 10:37:40-04:00,515.54,12.0,12,"[14, 37, 41]",67.0
2024-03-12 10:37:40-04:00,515.54,1.0,19,"[14, 37, 41]",0.0
2024-03-12 10:37:40-04:00,515.54,100.0,21,,0.0
2024-03-12 10:37:40-04:00,515.54,200.0,12,"[14, 41]",0.0
2024-03-12 10:37:40-04:00,515.54,100.0,11,"[14, 41]",0.0
2024-03-12 10:37:40-04:00,515.54,100.0,12,"[14, 41]",0.0
2024-03-12 10:37:40-04:00,515.54,100.0,10,"[14, 41]",0.0
2024-03-12 10:40:36-04:00,515.56,25.0,12,"[14, 37, 41]",176.0
2024-03-12 10:40:36-04:00,515.56,28.0,12,"[14, 37, 41]",0.0
2024-03-12 10:41:06-04:00,515.665,1.0,4,[37],30.0
2024-03-12 10:41:34-04:00,515.76,98.0,12,"[14, 37, 41]",28.0
2024-03-12 10:43:28-04:00,515.61,26.0,20,"[14, 37, 41]",114.0
2024-03-12 10:43:51-04:00,515.6,864.0,10,"[14, 41]",23.0
2024-03-12 10:43:51-04:00,515.6,630.0,10,"[14, 41]",0.0
2024-03-12 10:43:51-04:00,515.6,500.0,10,"[14, 41]",0.0
2024-03-12 10:43:51-04:00,515.6,3.0,11,"[14, 37, 41]",0.0
2024-03-12 10:43:51-04:00,515.6,7.0,11,"[14, 37, 41]",0.0
2024-03-12 10:43:51-04:00,515.6,100.0,11,"[14, 41]",0.0
2024-03-12 10:43:51-04:00,515.6,600.0,11,"[14, 41]",0.0
2024-03-12 10:46:06-04:00,515.525,100.0,11,"[14, 41]",135.0
2024-03-12 10:47:40-04:00,515.76,100.0,4,,94.0
2024-03-12 10:47:40-04:00,515.75,128.0,2,"[14, 41]",0.0
2024-03-12 10:47:40-04:00,515.75,372.0,2,"[14, 41]",0.0
2024-03-12 10:48:38-04:00,516.0601,4.0,4,[37],58.0
2024-03-12 10:49:22-04:00,516.09,100.0,19,,44.0
2024-03-12 10:51:12-04:00,516.15,139.0,4,,110.0
2024-03-12 10:51:12-04:00,516.15,100.0,4,,0.0
2024-03-12 10:51:12-04:00,516.15,261.0,4,,0.0
2024-03-12 10:51:12-04:00,516.15,361.0,4,,0.0
2024-03-12 10:51:54-04:00,516.39,100.0,4,,42.0
2024-03-12 10:52:16-04:00,516.43,655.0,4,,22.0
2024-03-12 10:53:21-04:00,516.38,31.0,4,[37],65.0
2024-03-12 10:55:41-04:00,516.2,100.0,12,,140.0
2024-03-12 10:55:41-04:00,516.2,64.0,11,[37],0.0
2024-03-12 10:55:41-04:00,516.2,100.0,19,,0.0
2024-03-12 10:55:41-04:00,516.2,36.0,11,[37],0.0
2024-03-12 10:56:03-04:00,516.1683,1.0,4,[37],22.0
2024-03-12 10:57:51-04:00,516.11,199.0,12,"[14, 41]",108.0
2024-03-12 10:57:51-04:00,516.11,30.0,12,"[14, 37, 41]",0.0
2024-03-12 10:57:51-04:00,516.11,10.0,8,"[14, 37, 41]",0.0
2024-03-12 10:57:51-04:00,516.11,170.0,12,"[14, 41]",0.0
2024-03-12 10:58:16-04:00,515.96,100.0,12,"[14, 41]",25.0
2024-03-12 10:58:16-04:00,515.96,200.0,11,"[14, 41]",0.0
2024-03-12 10:58:16-04:00,515.96,100.0,11,,0.0
2024-03-12 10:58:16-04:00,515.96,100.0,19,"[14, 41]",0.0
2024-03-12 10:58:16-04:00,515.96,200.0,19,"[14, 41]",0.0
2024-03-12 11:00:00-04:00,515.93,45.0,8,[37],104.0
2024-03-12 11:00:00-04:00,515.93,40.0,8,[37],0.0
2024-03-12 11:00:00-04:00,515.93,100.0,8,,0.0
2024-03-12 11:00:00-04:00,515.93,93.0,10,[37],0.0
2024-03-12 11:00:00-04:00,515.93,39.0,11,"[14, 37, 41]",0.0
2024-03-12 11:00:00-04:00,515.93,100.0,11,"[14, 41]",0.0
2024-03-12 11:00:08-04:00,516.01,20.0,12,"[14, 37, 41]",8.0
2024-03-12 11:00:11-04:00,515.99,50.0,12,"[14, 37, 41]",3.0
2024-03-12 11:00:11-04:00,515.99,30.0,21,"[14, 37, 41]",0.0
2024-03-12 11:00:11-04:00,515.99,100.0,8,"[14, 41]",0.0
2024-03-12 11:00:11-04:00,515.99,1.0,19,"[14, 37, 41]",0.0
2024-03-12 11:00:11-04:00,515.99,100.0,12,"[14, 41]",0.0
2024-03-12 11:01:22-04:00,515.87,400.0,4,,71.0
2024-03-12 11:01:22-04:00,515.87,199.0,4,,0.0
2024-03-12 11:01:22-04:00,515.87,401.0,4,,0.0
2024-03-12 11:01:56-04:00,515.785,100.0,11,,34.0
2024-03-12 11:08:09-04:00,515.885,100.0,4,,373.0
2024-03-12 11:08:22-04:00,515.92,100.0,20,"[14, 41]",13.0
2024-03-12 11:08:22-04:00,515.92,200.0,12,"[14, 41]",0.0
2024-03-12 11:08:39-04:00,515.92,28.0,4,[37],17.0
2024-03-12 11:09:37-04:00,516.19,100.0,18,"[14, 41]",58.0
2024-03-12 11:09:37-04:00,516.19,52.0,18,"[14, 37, 41]",0.0
2024-03-12 11:12:19-04:00,516.295,11.0,4,[37],162.0
2024-03-12 11:12:19-04:00,516.295,10.0,4,[37],0.0
2024-03-12 11:12:19-04:00,516.295,1.0,4,[37],0.0
2024-03-12 11:15:08-04:00,516.26,100.0,12,,169.0
2024-03-12 11:15:23-04:00,516.305,100.0,12,,15.0
2024-03-12 11:16:10-04:00,516.4297,100.0,4,,47.0
2024-03-12 11:17:57-04:00,516.39,8.0,12,[37],107.0
2024-03-12 11:18:03-04:00,516.34,100.0,4,,6.0
2024-03-12 11:18:52-04:00,516.375,4.0,4,[37],49.0
2024-03-12 11:19:24-04:00,516.4,60.0,8,[37],32.0
2024-03-12 11:19:33-04:00,516.37,100.0,11,"[14, 41]",9.0
2024-03-12 11:19:33-04:00,516.37,200.0,12,"[14, 41]",0.0
2024-03-12 11:19:33-04:00,516.37,71.0,12,"[14, 37, 41]",0.0
2024-03-12 11:20:39-04:00,516.3503,26.0,4,[37],66.0
2024-03-12 11:21:14-04:00,516.2,33.0,20,[37],35.0
2024-03-12 11:21:14-04:00,516.2,33.0,21,[37],0.0
2024-03-12 11:21:14-04:00,516.2,51.0,8,[37],0.0
2024-03-12 11:21:14-04:00,516.2,60.0,17,[37],0.0
2024-03-12 11:21:14-04:00,516.2,36.0,19,[37],0.0
2024-03-12 11:21:14-04:00,516.2,5.0,12,[37],0.0
2024-03-12 11:21:14-04:00,516.2,40.0,12,[37],0.0
2024-03-12 11:21:14-04:00,516.2,58.0,10,[37],0.0
2024-03-12 11:21:14-04:00,516.2,41.0,11,[37],0.0
2024-03-12 11:21:14-04:00,516.2,4.0,19,[37],0.0
2024-03-12 11:21:34-04:00,516.22,100.0,19,"[14, 41]",20.0
2024-03-12 11:26:14-04:00,516.2303,9.0,4,[37],280.0
2024-03-12 11:26:48-04:00,516.23,1.0,4,[37],34.0
2024-03-12 11:27:25-04:00,516.08,100.0,12,"[14, 41]",37.0
2024-03-12 11:28:27-04:00,516.1301,287.0,4,,62.0
2024-03-12 11:28:41-04:00,516.2,34.0,11,[37],14.0
2024-03-12 11:28:54-04:00,516.185,40.0,4,[37],13.0
2024-03-12 11:30:00-04:00,516.18,100.0,12,,66.0
2024-03-12 11:30:00-04:00,516.18,58.0,12,[37],0.0
2024-03-12 11:30:00-04:00,516.18,100.0,11,"[14, 41]",0.0
2024-03-12 11:30:00-04:00,516.18,100.0,19,,0.0
2024-03-12 11:30:06-04:00,516.18,10.0,11,[37],6.0
2024-03-12 11:30:06-04:00,516.18,14.0,12,"[14, 37, 41]",0.0
2024-03-12 11:30:31-04:00,515.9,70.0,12,[37],25.0
2024-03-12 11:31:23-04:00,515.94,119.0,11,"[14, 41]",52.0
2024-03-12 11:32:38-04:00,515.97,1.0,4,[37],75.0
2024-03-12 11:36:57-04:00,516.1029,100.0,4,,259.0
2024-03-12 11:36:57-04:00,516.1,100.0,4,,0.0
2024-03-12 11:37:33-04:00,516.22,57.0,19,[37],36.0
2024-03-12 11:37:33-04:00,516.22,40.0,19,[37],0.0
2024-03-12 11:37:33-04:00,516.22,100.0,8,"[14, 41]",0.0
2024-03-12 11:37:33-04:00,516.22,3.0,8,"[14, 37, 41]",0.0
2024-03-12 11:40:17-04:00,516.1,3.0,4,[37],164.0
2024-03-12 11:41:23-04:00,515.62,10.0,19,[37],66.0
2024-03-12 11:41:38-04:00,515.45,23.0,20,[37],15.0
2024-03-12 11:43:03-04:00,515.67,60.0,12,"[14, 37, 41]",85.0
2024-03-12 11:43:55-04:00,515.72,100.0,11,,52.0
2024-03-12 11:43:55-04:00,515.72,100.0,12,,0.0
2024-03-12 11:45:53-04:00,515.6,100.0,12,"[14, 41]",118.0
2024-03-12 11:49:20-04:00,515.48,324.0,4,,207.0
2024-03-12 11:54:58-04:00,515.99,1.0,10,"[14, 37, 41]",338.0
2024-03-12 11:55:57-04:00,515.9,20.0,4,[37],59.0
2024-03-12 11:56:05-04:00,515.9,18.0,4,[37],8.0
2024-03-12 11:57:25-04:00,516.05,249.0,11,"[14, 41]",80.0
2024-03-12 11:57:25-04:00,516.05,444.0,8,"[14, 41]",0.0
2024-03-12 11:57:25-04:00,516.05,28.0,8,"[14, 37, 41]",0.0
2024-03-12 11:58:02-04:00,515.975,100.0,11,,37.0
2024-03-12 11:59:01-04:00,515.84,100.0,12,"[14, 41]",59.0
2024-03-12 11:59:01-04:00,515.84,1.0,19,"[14, 37, 41]",0.0
2024-03-12 12:00:00-04:00,515.87,30.0,8,[37],59.0
2024-03-12 12:00:00-04:00,515.87,100.0,12,,0.0
2024-03-12 12:00:00-04:00,515.87,100.0,8,,0.0
2024-03-12 12:00:00-04:00,515.87,100.0,11,"[14, 41]",0.0
2024-03-12 12:00:00-04:00,515.87,100.0,19,,0.0
2024-03-12 12:00:00-04:00,515.87,30.0,11,"[14, 37, 41]",0.0
2024-03-12 12:00:00-04:00,515.87,30.0,19,[37],0.0
2024-03-12 12:01:04-04:00,515.62,100.0,11,"[14, 41]",64.0
2024-03-12 12:01:31-04:00,515.54,200.0,11,,27.0
2024-03-12 12:01:43-04:00,515.57,1.0,4,[37],12.0
2024-03-12 12:04:46-04:00,515.285,100.0,4,,183.0
2024-03-12 12:05:40-04:00,515.345,3.0,4,[37],54.0
2024-03-12 12:09:26-04:00,515.431,100.0,2,,226.0
2024-03-12 12:11:19-04:00,515.51,100.0,11,"[14, 41]",113.0
2024-03-12 12:11:19-04:00,515.51,100.0,12,"[14, 41]",0.0
2024-03-12 12:12:35-04:00,515.69,4.0,19,"[14, 37, 41]",76.0
2024-03-12 12:12:35-04:00,515.68,100.0,12,,0.0
2024-03-12 12:16:42-04:00,515.51,195.0,4,,247.0
2024-03-12 12:22:07-04:00,515.35,100.0,20,,325.0
2024-03-12 12:27:28-04:00,515.1,58.0,12,[37],321.0
2024-03-12 12:27:46-04:00,515.07,1.0,4,[37],18.0
2024-03-12 12:27:59-04:00,515.075,27.0,8,[37],13.0
2024-03-12 12:37:56-04:00,514.65,67.0,12,[37],597.0
2024-03-12 12:41:03-04:00,514.4,1.0,12,"[14, 37, 41]",187.0
2024-03-12 12:43:15-04:00,514.36,1.0,4,[37],132.0
2024-03-12 12:45:13-04:00,514.14,525.0,4,,118.0
2024-03-12 12:45:57-04:00,513.8445,10.0,4,[37],44.0
2024-03-12 12:46:18-04:00,513.85,76.0,11,[37],21.0
2024-03-12 12:46:18-04:00,513.85,39.0,11,[37],0.0
2024-03-12 12:46:18-04:00,513.85,100.0,12,"[14, 41]",0.0
2024-03-12 12:48:01-04:00,513.9,3.0,11,[37],103.0
2024-03-12 12:48:01-04:00,513.9,45.0,12,"[14, 37, 41]",0.0
2024-03-12 12:48:01-04:00,513.9,1.0,11,[37],0.0
2024-03-12 12:49:19-04:00,514.0101,5.0,4,[37],78.0
2024-03-12 12:53:44-04:00,514.4409,19.0,4,[37],265.0
2024-03-12 12:56:50-04:00,514.13,12.0,4,[37],186.0
2024-03-12 12:56:50-04:00,514.13,5.0,4,[37],0.0
2024-03-12 12:59:24-04:00,514.405,5.0,15,[37],154.0
2024-03-12 13:01:54-04:00,514.24,64.0,19,"[14, 37, 41]",150.0
2024-03-12 13:01:54-04:00,514.24,18.0,19,"[14, 37, 41]",0.0
2024-03-12 13:03:50-04:00,514.07,100.0,19,"[14, 41]",116.0
2024-03-12 13:06:34-04:00,513.96,5.0,19,[37],164.0
2024-03-12 13:06:34-04:00,513.96,200.0,10,"[14, 41]",0.0
2024-03-12 13:06:34-04:00,513.96,100.0,11,"[14, 41]",0.0
2024-03-12 13:06:34-04:00,513.96,500.0,11,"[14, 41]",0.0
2024-03-12 13:06:34-04:00,513.96,5.0,12,"[14, 37, 41]",0.0
2024-03-12 13:06:34-04:00,513.96,100.0,12,"[14, 41]",0.0
2024-03-12 13:08:44-04:00,513.73,100.0,20,,130.0
2024-03-12 13:08:44-04:00,513.73,100.0,21,,0.0
2024-03-12 13:09:10-04:00,513.7,200.0,4,,26.0
2024-03-12 13:09:13-04:00,513.7,200.0,11,"[14, 41]",3.0
2024-03-12 13:09:13-04:00,513.7,100.0,21,[14],0.0
2024-03-12 13:09:13-04:00,513.7,200.0,19,"[14, 41]",0.0
2024-03-12 13:09:42-04:00,513.9,100.0,8,,29.0
2024-03-12 13:10:32-04:00,513.77,2.0,11,"[14, 37, 41]",50.0
2024-03-12 13:12:35-04:00,513.9437,6.0,4,"[10, 37, 41]",123.0
2024-03-12 13:14:00-04:00,514.21,100.0,12,"[14, 41]",85.0
2024-03-12 13:14:00-04:00,514.2,100.0,7,"[14, 41]",0.0
2024-03-12 13:15:08-04:00,514.299,420.0,4,,68.0
2024-03-12 13:15:11-04:00,514.27,6.0,11,[37],3.0
2024-03-12 13:15:20-04:00,514.27,100.0,8,,9.0
2024-03-12 13:16:50-04:00,514.39,1.0,4,[37],90.0
2024-03-12 13:17:39-04:00,514.45,1.0,4,[37],49.0
2024-03-12 13:18:20-04:00,514.6499,8.0,4,[37],41.0
2024-03-12 13:22:11-04:00,515.33,100.0,8,,231.0
2024-03-12 13:26:05-04:00,515.3,100.0,11,"[14, 41]",234.0
2024-03-12 13:29:13-04:00,514.965,8.0,4,[37],188.0
2024-03-12 13:33:58-04:00,515.1477,1.0,4,[37],285.0
2024-03-12 13:34:47-04:00,515.1177,1.0,4,[37],49.0
2024-03-12 13:38:13-04:00,515.14,100.0,8,,206.0
2024-03-12 13:39:01-04:00,515.35,40.0,4,[37],48.0
2024-03-12 13:45:19-04:00,515.56,100.0,11,"[14, 41]",378.0
2024-03-12 13:45:19-04:00,515.56,100.0,10,"[14, 41]",0.0
2024-03-12 13:45:19-04:00,515.56,50.0,12,"[14, 37, 41]",0.0
2024-03-12 13:45:19-04:00,515.56,100.0,12,"[14, 41]",0.0
2024-03-12 13:45:19-04:00,515.56,200.0,19,"[14, 41]",0.0
2024-03-12 13:45:19-04:00,515.56,100.0,19,"[14, 41]",0.0
2024-03-12 13:45:53-04:00,515.445,25.0,4,[37],34.0
2024-03-12 13:47:45-04:00,515.44,100.0,4,,112.0
2024-03-12 13:50:20-04:00,515.44,1.0,4,[37],155.0
2024-03-12 13:51:01-04:00,515.42,300.0,4,,41.0
2024-03-12 13:52:02-04:00,515.49,320.0,10,,61.0
2024-03-12 13:55:23-04:00,515.25,20.0,12,"[14, 37, 41]",201.0
2024-03-12 13:59:09-04:00,515.66,25.0,4,[37],226.0
2024-03-12 14:01:00-04:00,515.58,62.0,12,"[14, 37, 41]",111.0
2024-03-12 14:06:36-04:00,515.82,1.0,19,[37],336.0
2024-03-12 14:11:18-04:00,516.0603,36.0,4,[37],282.0
2024-03-12 14:13:49-04:00,516.0,1.0,20,[37],151.0
2024-03-12 14:14:42-04:00,515.94,1.0,4,[37],53.0
2024-03-12 14:21:34-04:00,516.12,70.0,4,[37],412.0
2024-03-12 14:21:50-04:00,516.14,100.0,12,,16.0
2024-03-12 14:28:58-04:00,516.25,434.0,15,,428.0
2024-03-12 14:29:51-04:00,516.37,10.0,8,"[14, 37, 41]",53.0
2024-03-12 14:29:51-04:00,516.37,1.0,21,"[14, 37, 41]",0.0
2024-03-12 14:29:51-04:00,516.37,50.0,12,"[14, 37, 41]",0.0
2024-03-12 14:29:51-04:00,516.37,100.0,12,"[14, 41]",0.0
2024-03-12 14:29:51-04:00,516.36,100.0,12,"[14, 41]",0.0
2024-03-12 14:30:21-04:00,516.39,100.0,11,"[14, 41]",30.0
2024-03-12 14:31:01-04:00,516.41,100.0,4,,40.0
2024-03-12 14:32:47-04:00,516.74,200.0,11,"[14, 41]",106.0
2024-03-12 14:32:47-04:00,516.74,4.0,11,"[14, 37, 41]",0.0
2024-03-12 14:32:47-04:00,516.74,1.0,11,"[14, 37, 41]",0.0
2024-03-12 14:32:47-04:00,516.74,92.0,12,"[14, 37, 41]",0.0
2024-03-12 14:33:09-04:00,516.635,1.0,4,[37],22.0
2024-03-12 14:37:33-04:00,516.6399,25.0,4,[37],264.0
2024-03-12 14:40:04-04:00,516.47,1.0,4,[37],151.0
2024-03-12 14:40:10-04:00,516.46,100.0,4,,6.0
2024-03-12 14:40:27-04:00,516.48,100.0,12,"[14, 41]",17.0
2024-03-12 14:40:27-04:00,516.475,40.0,15,[37],0.0
2024-03-12 14:40:27-04:00,516.485,1.0,4,[37],0.0
2024-03-12 14:41:11-04:00,516.44,11.0,11,[37],44.0
2024-03-12 14:42:59-04:00,515.985,15.0,4,[37],108.0
2024-03-12 14:44:38-04:00,515.79,414.0,20,"[14, 41]",99.0
2024-03-12 14:46:34-04:00,515.91,200.0,19,"[14, 41]",116.0
2024-03-12 14:46:34-04:00,515.91,107.0,11,,0.0
2024-03-12 14:51:22-04:00,516.5198,20.0,4,[37],288.0
2024-03-12 14:51:42-04:00,516.55,40.0,15,[37],20.0
2024-03-12 14:51:42-04:00,516.55,200.0,15,,0.0
2024-03-12 14:51:42-04:00,516.55,346.0,15,,0.0
2024-03-12 14:51:42-04:00,516.55,296.0,15,,0.0
2024-03-12 14:51:42-04:00,516.55,41.0,15,[37],0.0
2024-03-12 14:51:42-04:00,516.55,158.0,15,,0.0
2024-03-12 14:51:42-04:00,516.55,246.0,15,,0.0
2024-03-12 14:51:42-04:00,516.55,275.0,15,,0.0
2024-03-12 14:51:42-04:00,516.55,1.0,15,[37],0.0
2024-03-12 14:51:42-04:00,516.55,169.0,15,,0.0
2024-03-12 14:51:42-04:00,516.55,46.0,15,[37],0.0
2024-03-12 14:52:10-04:00,516.595,100.0,4,,28.0
2024-03-12 14:55:32-04:00,516.72,64.0,11,[37],202.0
2024-03-12 14:55:32-04:00,516.72,3.0,10,"[14, 37, 41]",0.0
2024-03-12 15:00:45-04:00,516.66,20.0,12,[37],313.0
2024-03-12 15:01:16-04:00,516.64,12.0,4,[37],31.0
2024-03-12 15:01:23-04:00,516.59,100.0,11,,7.0
2024-03-12 15:01:23-04:00,516.59,135.0,12,"[14, 41]",0.0
2024-03-12 15:01:23-04:00,516.59,100.0,12,"[14, 41]",0.0
2024-03-12 15:01:23-04:00,516.59,100.0,8,,0.0
2024-03-12 15:01:23-04:00,516.59,100.0,21,,0.0
2024-03-12 15:01:33-04:00,516.63,1.0,12,[37],10.0
2024-03-12 15:03:06-04:00,516.5799,1.0,4,[37],93.0
2024-03-12 15:03:56-04:00,516.78,495.0,15,,50.0
2024-03-12 15:03:56-04:00,516.78,91.0,15,[37],0.0
2024-03-12 15:03:56-04:00,516.78,100.0,8,"[14, 41]",0.0
2024-03-12 15:03:56-04:00,516.78,55.0,15,[37],0.0
2024-03-12 15:05:38-04:00,516.83,100.0,11,"[14, 41]",102.0
2024-03-12 15:05:38-04:00,516.83,1042.0,10,,0.0
2024-03-12 15:05:38-04:00,516.835,100.0,12,"[14, 41]",0.0
2024-03-12 15:05:38-04:00,516.83,100.0,12,"[14, 41]",0.0
2024-03-12 15:05:38-04:00,516.83,1.0,12,"[14, 37, 41]",0.0
2024-03-12 15:05:38-04:00,516.83,100.0,12,,0.0
2024-03-12 15:05:38-04:00,516.83,3.0,12,[37],0.0
2024-03-12 15:05:38-04:00,516.83,1.0,19,[37],0.0
2024-03-12 15:05:38-04:00,516.83,100.0,19,"[14, 41]",0.0
2024-03-12 15:10:21-04:00,516.81,100.0,8,"[14, 41]",283.0
2024-03-12 15:10:21-04:00,516.81,100.0,11,,0.0
2024-03-12 15:10:21-04:00,516.81,100.0,12,"[14, 41]",0.0
2024-03-12 15:11:30-04:00,516.8436,20.0,4,[37],69.0
2024-03-12 15:11:52-04:00,516.825,5.0,4,[37],22.0
2024-03-12 15:15:34-04:00,516.905,5.0,4,[37],222.0
2024-03-12 15:16:06-04:00,516.935,1.0,4,[37],32.0
2024-03-12 15:16:40-04:00,516.71,81.0,11,[37],34.0
2024-03-12 15:16:40-04:00,516.71,1.0,11,[37],0.0
2024-03-12 15:17:02-04:00,516.69,100.0,12,"[14, 41]",22.0
2024-03-12 15:17:02-04:00,516.69,100.0,11,,0.0
2024-03-12 15:17:02-04:00,516.69,200.0,10,,0.0
2024-03-12 15:17:02-04:00,516.69,9.0,11,[37],0.0
2024-03-12 15:17:02-04:00,516.69,29.0,11,[37],0.0
2024-03-12 15:19:38-04:00,516.6501,19.0,4,[37],156.0
2024-03-12 15:20:29-04:00,516.715,100.0,11,,51.0
2024-03-12 15:21:32-04:00,516.74,100.0,12,,63.0
2024-03-12 15:22:41-04:00,516.9388,1.0,4,[37],69.0
2024-03-12 15:22:54-04:00,516.9297,1.0,4,[37],13.0
2024-03-12 15:26:11-04:00,517.07,1.0,4,[37],197.0
2024-03-12 15:29:30-04:00,517.09,8.0,19,[37],199.0
2024-03-12 15:29:55-04:00,517.114,700.0,4,,25.0
2024-03-12 15:31:42-04:00,516.95,68.0,8,"[14, 37, 41]",107.0
2024-03-12 15:32:50-04:00,516.72,1.0,12,[37],68.0
2024-03-12 15:34:20-04:00,516.81,20.0,12,[37],90.0
2024-03-12 15:34:20-04:00,516.81,100.0,12,,0.0
2024-03-12 15:34:20-04:00,516.81,50.0,4,[37],0.0
2024-03-12 15:35:35-04:00,516.55,1.0,12,[37],75.0
2024-03-12 15:35:35-04:00,516.55,20.0,12,[37],0.0
2024-03-12 15:35:35-04:00,516.55,12.0,12,[37],0.0
2024-03-12 15:37:04-04:00,516.7677,1.0,4,[37],89.0
2024-03-12 15:37:24-04:00,516.755,100.0,4,,20.0
2024-03-12 15:37:48-04:00,516.7699,1.0,4,[37],24.0
2024-03-12 15:38:01-04:00,516.91,200.0,11,"[14, 41]",13.0
2024-03-12 15:38:01-04:00,516.91,200.0,19,"[14, 41]",0.0
2024-03-12 15:39:02-04:00,516.81,1.0,4,[37],61.0
2024-03-12 15:44:17-04:00,516.85,100.0,7,,315.0
2024-03-12 15:44:17-04:00,516.85,100.0,20,"[14, 41]",0.0
2024-03-12 15:44:17-04:00,516.85,40.0,20,"[14, 37, 41]",0.0
2024-03-12 15:44:17-04:00,516.85,100.0,12,"[14, 41]",0.0
2024-03-12 15:44:17-04:00,516.85,300.0,12,"[14, 41]",0.0
2024-03-12 15:44:17-04:00,516.85,60.0,12,"[14, 37, 41]",0.0
2024-03-12 15:44:17-04:00,516.85,500.0,12,"[14, 41]",0.0
2024-03-12 15:44:17-04:00,516.85,100.0,21,[14],0.0
2024-03-12 15:44:17-04:00,516.85,40.0,21,"[14, 37, 41]",0.0
2024-03-12 15:44:17-04:00,516.85,100.0,19,"[14, 41]",0.0
2024-03-12 15:44:17-04:00,516.85,103.0,19,"[14, 41]",0.0
2024-03-12 15:44:17-04:00,516.86,18.0,12,"[14, 37, 41]",0.0
2024-03-12 15:44:17-04:00,516.85,40.0,8,"[14, 37, 41]",0.0
2024-03-12 15:44:17-04:00,516.85,50.0,19,"[14, 37, 41]",0.0
2024-03-12 15:44:17-04:00,516.85,100.0,8,"[14, 41]",0.0
2024-03-12 15:44:17-04:00,516.85,300.0,8,"[14, 41]",0.0
2024-03-12 15:44:17-04:00,516.86,39.0,12,"[14, 37, 41]",0.0
2024-03-12 15:45:12-04:00,516.75,276.0,17,"[14, 41]",55.0
2024-03-12 15:45:12-04:00,516.75,500.0,19,"[14, 41]",0.0
2024-03-12 15:45:12-04:00,516.75,300.0,12,"[14, 41]",0.0
2024-03-12 15:45:12-04:00,516.75,300.0,19,"[14, 41]",0.0
2024-03-12 15:45:12-04:00,516.75,100.0,12,"[14, 41]",0.0
2024-03-12 15:45:12-04:00,516.75,477.0,12,"[14, 41]",0.0
2024-03-12 15:45:12-04:00,516.74,147.0,12,"[14, 41]",0.0
2024-03-12 15:45:12-04:00,516.74,53.0,12,"[14, 37, 41]",0.0
2024-03-12 15:45:12-04:00,516.75,40.0,19,"[14, 37, 41]",0.0
2024-03-12 15:45:12-04:00,516.75,102.0,19,"[14, 41]",0.0
2024-03-12 15:45:12-04:00,516.75,8.0,7,"[14, 37, 41]",0.0
2024-03-12 15:45:12-04:00,516.75,1.0,19,"[14, 37, 41]",0.0
2024-03-12 15:45:12-04:00,516.75,168.0,8,"[14, 41]",0.0
2024-03-12 15:45:12-04:00,516.75,28.0,21,"[14, 37, 41]",0.0
2024-03-12 15:45:12-04:00,516.74,53.0,11,"[14, 37, 41]",0.0
2024-03-12 15:45:12-04:00,516.74,47.0,11,"[14, 37, 41]",0.0
2024-03-12 15:45:12-04:00,516.75,100.0,11,"[14, 41]",0.0
2024-03-12 15:45:12-04:00,516.75,30.0,10,"[14, 37, 41]",0.0
2024-03-12 15:45:12-04:00,516.75,477.0,11,"[14, 41]",0.0
2024-03-12 15:45:12-04:00,516.75,92.0,7,"[14, 37, 41]",0.0
2024-03-12 15:45:12-04:00,516.75,40.0,8,"[14, 37, 41]",0.0
2024-03-12 15:45:12-04:00,516.75,100.0,8,"[14, 41]",0.0
2024-03-12 15:45:12-04:00,516.75,300.0,11,"[14, 41]",0.0
2024-03-12 15:48:42-04:00,516.87,5.0,12,"[14, 37, 41]",210.0
2024-03-12 15:48:53-04:00,516.85,177.0,10,,11.0
2024-03-12 15:48:53-04:00,516.85,217.0,12,,0.0
2024-03-12 15:48:53-04:00,516.85,100.0,12,,0.0
2024-03-12 15:49:02-04:00,516.83,200.0,4,,9.0
2024-03-12 15:49:45-04:00,516.77,100.0,12,"[14, 41]",43.0
2024-03-12 15:50:05-04:00,516.67,30.0,19,"[14, 37, 41]",20.0
2024-03-12 15:50:05-04:00,516.67,59.0,19,"[14, 37, 41]",0.0
2024-03-12 15:50:05-04:00,516.67,500.0,19,"[14, 41]",0.0
2024-03-12 15:50:05-04:00,516.67,500.0,11,"[14, 41]",0.0
2024-03-12 15:50:05-04:00,516.67,40.0,11,"[14, 37, 41]",0.0
2024-03-12 15:50:05-04:00,516.67,100.0,11,"[14, 41]",0.0
2024-03-12 15:50:20-04:00,516.62,100.0,19,"[14, 41]",15.0
2024-03-12 15:50:20-04:00,516.62,100.0,12,,0.0
2024-03-12 15:51:34-04:00,516.73,100.0,11,"[14, 41]",74.0
2024-03-12 15:51:40-04:00,516.7977,1.0,4,[37],6.0
2024-03-12 15:51:45-04:00,516.85,34.0,12,"[14, 37, 41]",5.0
2024-03-12 15:51:52-04:00,516.89,50.0,4,[37],7.0
2024-03-12 15:52:22-04:00,516.98,29.0,11,"[14, 37, 41]",30.0
2024-03-12 15:54:25-04:00,517.08,100.0,8,,123.0
2024-03-12 15:54:25-04:00,517.08,157.0,12,,0.0
2024-03-12 15:54:25-04:00,517.08,53.0,19,[37],0.0
2024-03-12 15:54:25-04:00,517.08,214.0,8,,0.0
2024-03-12 15:54:25-04:00,517.08,59.0,11,"[14, 37, 41]",0.0
2024-03-12 15:54:25-04:00,517.08,19.0,11,"[14, 37, 41]",0.0
2024-03-12 15:54:25-04:00,517.08,79.0,11,"[14, 37, 41]",0.0
2024-03-12 15:54:25-04:00,517.08,157.0,10,,0.0
2024-03-12 15:54:34-04:00,516.98,4.0,11,"[14, 37, 41]",9.0
2024-03-12 15:54:34-04:00,516.98,2.0,10,[37],0.0
2024-03-12 15:54:34-04:00,516.98,2.0,19,[37],0.0
2024-03-12 15:54:34-04:00,516.98,1.0,8,[37],0.0
2024-03-12 15:54:34-04:00,516.98,4.0,12,[37],0.0
2024-03-12 15:54:35-04:00,516.96,2.0,11,"[14, 37, 41]",1.0
2024-03-12 15:54:35-04:00,516.96,1.0,19,[37],0.0
2024-03-12 15:55:32-04:00,517.32,100.0,21,[14],57.0
2024-03-12 15:56:02-04:00,517.235,10.0,4,[37],30.0
2024-03-12 15:56:06-04:00,517.27,10.0,4,[37],4.0
2024-03-12 15:56:25-04:00,517.34,4.0,12,[37],19.0
2024-03-12 15:56:25-04:00,517.34,1.0,8,[37],0.0
2024-03-12 15:56:25-04:00,517.34,1.0,10,[37],0.0
2024-03-12 15:56:25-04:00,517.34,4.0,11,"[14, 37, 41]",0.0
2024-03-12 15:56:25-04:00,517.34,6.0,19,[37],0.0
2024-03-12 15:56:29-04:00,517.33,30.0,11,"[14, 37, 41]",4.0
2024-03-12 15:56:29-04:00,517.33,8.0,10,[37],0.0
2024-03-12 15:56:29-04:00,517.33,9.0,19,[37],0.0
2024-03-12 15:56:29-04:00,517.33,5.0,8,[37],0.0
2024-03-12 15:56:29-04:00,517.33,2.0,7,[37],0.0
2024-03-12 15:56:30-04:00,517.3,13.0,11,"[14, 37, 41]",1.0
2024-03-12 15:56:30-04:00,517.3,1.0,19,[37],0.0
2024-03-12 15:56:30-04:00,517.3,15.0,19,[37],0.0
2024-03-12 15:56:30-04:00,517.3,7.0,8,[37],0.0
2024-03-12 15:56:30-04:00,517.3,32.0,12,[37],0.0
2024-03-12 15:56:32-04:00,517.27,10.0,12,[37],2.0
2024-03-12 15:56:32-04:00,517.27,8.0,19,[37],0.0
2024-03-12 15:56:32-04:00,517.27,2.0,12,[37],0.0
2024-03-12 15:56:32-04:00,517.27,2.0,10,[37],0.0
2024-03-12 15:56:32-04:00,517.27,6.0,11,"[14, 37, 41]",0.0
2024-03-12 15:56:34-04:00,517.28,100.0,18,,2.0
2024-03-12 15:56:52-04:00,517.04,5.0,11,"[14, 37, 41]",18.0
2024-03-12 15:56:53-04:00,517.07,2.0,11,"[14, 37, 41]",1.0
2024-03-12 15:56:53-04:00,517.06,10.0,19,[37],0.0
2024-03-12 15:56:53-04:00,517.07,2.0,19,[37],0.0
2024-03-12 15:56:53-04:00,517.07,2.0,8,[37],0.0
2024-03-12 15:56:56-04:00,517.14,100.0,11,,3.0
2024-03-12 15:56:56-04:00,517.13,10.0,19,[37],0.0
2024-03-12 15:57:55-04:00,517.14,8.0,8,[37],59.0
2024-03-12 15:57:55-04:00,517.14,19.0,12,[37],0.0
2024-03-12 15:57:55-04:00,517.14,14.0,19,[37],0.0
2024-03-12 15:57:55-04:00,517.14,18.0,11,"[14, 37, 41]",0.0
2024-03-12 15:57:55-04:00,517.14,7.0,10,[37],0.0
2024-03-12 15:57:56-04:00,517.14,5.0,11,"[14, 37, 41]",1.0
2024-03-12 15:57:56-04:00,517.14,2.0,10,[37],0.0
2024-03-12 15:57:56-04:00,517.14,5.0,19,[37],0.0
2024-03-12 15:57:56-04:00,517.14,2.0,8,[37],0.0
2024-03-12 15:57:56-04:00,517.14,6.0,12,[37],0.0
2024-03-12 15:57:57-04:00,517.14,2.0,12,[37],1.0
2024-03-12 15:57:57-04:00,517.14,2.0,11,"[14, 37, 41]",0.0
2024-03-12 15:57:57-04:00,517.14,1.0,10,[37],0.0
2024-03-12 15:57:57-04:00,517.14,2.0,19,[37],0.0
2024-03-12 15:57:57-04:00,517.14,1.0,8,[37],0.0
2024-03-12 15:58:05-04:00,517.07,63.0,10,[37],8.0
2024-03-12 15:58:05-04:00,517.07,116.0,19,,0.0
2024-03-12 15:58:05-04:00,517.07,158.0,11,"[14, 41]",0.0
2024-03-12 15:58:05-04:00,517.07,84.0,8,[37],0.0
2024-03-12 15:59:05-04:00,517.0,100.0,8,,60.0
2024-03-12 15:59:06-04:00,516.97,100.0,8,,1.0
2024-03-12 15:59:08-04:00,516.94,100.0,8,,2.0
2024-03-12 16:00:00-04:00,516.81,910.0,11,,52.0
2024-03-13 09:30:00-04:00,517.11,100.0,11,[12],63000.0
2024-03-13 09:30:00-04:00,517.11,400.0,12,[12],0.0
2024-03-13 09:30:15-04:00,516.89,100.0,11,"[14, 41]",15.0
2024-03-13 09:30:20-04:00,517.02,100.0,11,,5.0
2024-03-13 09:30:25-04:00,516.99,11.0,19,[37],5.0
2024-03-13 09:30:25-04:00,516.99,100.0,11,,0.0
2024-03-13 09:30:30-04:00,516.95,800.0,19,,5.0
2024-03-13 09:30:30-04:00,516.95,99.0,11,[37],0.0
2024-03-13 09:30:30-04:00,516.95,200.0,19,,0.0
2024-03-13 09:30:35-04:00,516.96,100.0,11,,5.0
2024-03-13 09:30:40-04:00,517.11,100.0,11,,5.0
2024-03-13 09:30:40-04:00,517.11,10.0,11,[37],0.0
2024-03-13 09:30:40-04:00,517.11,2.0,11,[37],0.0
2024-03-13 09:30:45-04:00,517.05,100.0,11,,5.0
2024-03-13 09:30:55-04:00,516.93,578.0,11,,10.0
2024-03-13 09:30:55-04:00,516.93,659.0,11,,0.0
2024-03-13 09:31:00-04:00,516.99,1.0,11,[37],5.0
2024-03-13 09:32:35-04:00,516.76,100.0,11,,95.0
2024-03-13 09:33:00-04:00,516.75,38.0,11,[37],25.0
2024-03-13 09:33:00-04:00,516.75,100.0,11,,0.0
2024-03-13 09:33:03-04:00,516.8,100.0,11,,3.0
2024-03-13 09:33:03-04:00,516.8,88.0,11,[37],0.0
2024-03-13 09:33:06-04:00,516.82,100.0,11,,3.0
2024-03-13 09:33:06-04:00,516.82,87.0,11,[37],0.0
2024-03-13 09:33:09-04:00,516.84,100.0,11,,3.0
2024-03-13 09:33:09-04:00,516.84,87.0,11,[37],0.0
2024-03-13 09:33:14-04:00,516.83,100.0,11,,5.0
2024-03-13 09:33:15-04:00,516.84,87.0,11,[37],1.0
2024-03-13 09:33:15-04:00,516.84,100.0,11,,0.0
2024-03-13 09:33:18-04:00,516.87,100.0,11,,3.0
2024-03-13 09:33:18-04:00,516.87,87.0,11,[37],0.0
2024-03-13 09:33:24-04:00,516.89,100.0,11,,6.0
2024-03-13 09:33:24-04:00,516.89,87.0,11,[37],0.0
2024-03-13 09:33:27-04:00,516.84,100.0,11,,3.0
2024-03-13 09:33:27-04:00,516.84,187.0,11,,0.0
2024-03-13 09:33:30-04:00,516.79,100.0,11,,3.0
2024-03-13 09:33:30-04:00,516.79,88.0,11,[37],0.0
2024-03-13 09:33:36-04:00,516.75,100.0,11,,6.0
2024-03-13 09:33:36-04:00,516.75,188.0,11,,0.0
2024-03-13 09:33:42-04:00,516.76,100.0,11,,6.0
2024-03-13 09:33:42-04:00,516.76,88.0,11,[37],0.0
2024-03-13 09:33:45-04:00,516.75,100.0,11,,3.0
2024-03-13 09:33:45-04:00,516.75,88.0,11,[37],0.0
2024-03-13 09:33:48-04:00,516.82,100.0,11,,3.0
2024-03-13 09:33:48-04:00,516.82,87.0,11,[37],0.0
2024-03-13 09:33:50-04:00,516.82,12.0,4,[37],2.0
2024-03-13 09:33:53-04:00,516.82,97.0,12,"[14, 37, 41]",3.0
2024-03-13 09:33:53-04:00,516.82,100.0,20,"[14, 41]",0.0
2024-03-13 09:33:53-04:00,516.82,100.0,12,"[14, 41]",0.0
2024-03-13 09:33:53-04:00,516.82,3.0,12,"[14, 37, 41]",0.0
2024-03-13 09:33:53-04:00,516.82,25.0,19,"[14, 37, 41]",0.0
2024-03-13 09:33:53-04:00,516.82,100.0,19,"[14, 41]",0.0
2024-03-13 09:33:53-04:00,516.82,100.0,21,[14],0.0
2024-03-13 09:33:53-04:00,516.82,100.0,8,"[14, 41]",0.0
2024-03-13 09:33:54-04:00,516.83,87.0,11,[37],1.0
2024-03-13 09:33:54-04:00,516.83,100.0,11,,0.0
2024-03-13 09:33:57-04:00,516.81,100.0,11,,3.0
2024-03-13 09:34:03-04:00,516.8,100.0,11,,6.0
2024-03-13 09:34:03-04:00,516.8,88.0,11,[37],0.0
2024-03-13 09:34:06-04:00,516.81,100.0,11,,3.0
2024-03-13 09:34:09-04:00,516.76,100.0,11,,3.0
2024-03-13 09:34:12-04:00,516.77,88.0,11,[37],3.0
2024-03-13 09:34:12-04:00,516.77,100.0,11,,0.0
2024-03-13 09:34:15-04:00,516.72,100.0,11,,3.0
2024-03-13 09:34:15-04:00,516.72,88.0,11,[37],0.0
2024-03-13 09:34:18-04:00,516.74,100.0,11,,3.0
2024-03-13 09:34:24-04:00,516.77,88.0,11,[37],6.0
2024-03-13 09:34:24-04:00,516.77,100.0,11,,0.0
2024-03-13 09:34:27-04:00,516.79,100.0,11,,3.0
2024-03-13 09:34:27-04:00,516.79,200.0,11,,0.0
2024-03-13 09:34:30-04:00,516.77,100.0,11,,3.0
2024-03-13 09:34:30-04:00,516.77,8.0,11,[37],0.0
2024-03-13 09:34:32-04:00,516.77,5.0,19,"[14, 37, 41]",2.0
2024-03-13 09:34:33-04:00,516.77,88.0,11,[37],1.0
2024-03-13 09:34:33-04:00,516.77,100.0,11,,0.0
2024-03-13 09:34:36-04:00,516.74,1.0,11,[37],3.0
2024-03-13 09:34:36-04:00,516.74,9.0,11,[37],0.0
2024-03-13 09:34:36-04:00,516.74,100.0,11,,0.0
2024-03-13 09:34:36-04:00,516.74,78.0,11,[37],0.0
2024-03-13 09:34:39-04:00,516.72,100.0,11,,3.0
2024-03-13 09:34:39-04:00,516.72,88.0,11,[37],0.0
2024-03-13 09:34:45-04:00,516.74,100.0,11,,6.0
2024-03-13 09:34:45-04:00,516.74,88.0,11,[37],0.0
2024-03-13 09:34:54-04:00,516.71,100.0,11,,9.0
2024-03-13 09:34:54-04:00,516.71,88.0,11,[37],0.0
2024-03-13 09:34:57-04:00,516.73,100.0,11,,3.0
2024-03-13 09:34:57-04:00,516.73,88.0,11,[37],0.0
2024-03-13 09:35:00-04:00,516.67,100.0,11,,3.0
2024-03-13 09:35:00-04:00,516.67,88.0,11,[37],0.0
2024-03-13 09:35:03-04:00,516.67,100.0,11,,3.0
2024-03-13 09:35:06-04:00,516.635,100.0,11,,3.0
2024-03-13 09:35:06-04:00,516.64,100.0,11,,0.0
2024-03-13 09:35:06-04:00,516.64,88.0,11,[37],0.0
2024-03-13 09:35:12-04:00,516.72,100.0,11,,6.0
2024-03-13 09:35:12-04:00,516.72,88.0,11,[37],0.0
2024-03-13 09:35:15-04:00,516.71,100.0,11,,3.0
2024-03-13 09:35:15-04:00,516.71,88.0,11,[37],0.0
2024-03-13 09:35:18-04:00,516.72,100.0,11,,3.0
2024-03-13 09:35:18-04:00,516.72,88.0,11,[37],0.0
2024-03-13 09:35:24-04:00,516.64,200.0,11,,6.0
2024-03-13 09:35:24-04:00,516.64,100.0,11,,0.0
2024-03-13 09:35:27-04:00,516.65,100.0,11,,3.0
2024-03-13 09:35:27-04:00,516.65,200.0,11,,0.0
2024-03-13 09:35:27-04:00,516.65,12.0,11,[37],0.0
2024-03-13 09:35:30-04:00,516.67,100.0,11,,3.0
2024-03-13 09:35:30-04:00,516.67,88.0,11,[37],0.0
2024-03-13 09:35:33-04:00,516.72,100.0,11,,3.0
2024-03-13 09:35:33-04:00,516.72,6.0,11,[37],0.0
2024-03-13 09:35:33-04:00,516.72,82.0,11,[37],0.0
2024-03-13 09:35:36-04:00,516.73,88.0,11,[37],3.0
2024-03-13 09:35:36-04:00,516.73,100.0,11,,0.0
2024-03-13 09:35:39-04:00,516.72,100.0,11,,3.0
2024-03-13 09:35:39-04:00,516.72,88.0,11,[37],0.0
2024-03-13 09:36:40-04:00,516.7201,2.0,4,[37],61.0
2024-03-13 09:36:40-04:00,516.73,4.0,12,[37],0.0
2024-03-13 09:36:40-04:00,516.73,2.0,8,[37],0.0
2024-03-13 09:36:40-04:00,516.73,4.0,19,[37],0.0
2024-03-13 09:36:40-04:00,516.73,6.0,10,[37],0.0
2024-03-13 09:36:40-04:00,516.73,10.0,11,"[14, 37, 41]",0.0
2024-03-13 09:36:42-04:00,516.72,100.0,11,,2.0
2024-03-13 09:36:50-04:00,516.72,7.0,8,[37],8.0
2024-03-13 09:36:50-04:00,516.72,10.0,19,[37],0.0
2024-03-13 09:36:50-04:00,516.72,10.0,12,[37],0.0
2024-03-13 09:36:50-04:00,516.72,13.0,11,"[14, 37, 41]",0.0
2024-03-13 09:36:50-04:00,516.72,10.0,10,[37],0.0
2024-03-13 09:36:57-04:00,516.725,9.0,4,[37],7.0
2024-03-13 09:37:00-04:00,516.66,4.0,11,"[14, 37, 41]",3.0
2024-03-13 09:37:00-04:00,516.66,2.0,19,[37],0.0
2024-03-13 09:37:00-04:00,516.66,1.0,12,[37],0.0
2024-03-13 09:37:08-04:00,516.585,19.0,4,[37],8.0
2024-03-13 09:37:10-04:00,516.59,1.0,12,[37],2.0
2024-03-13 09:37:10-04:00,516.59,1.0,19,[37],0.0
2024-03-13 09:38:26-04:00,516.61,100.0,11,"[14, 41]",76.0
2024-03-13 09:38:42-04:00,516.49,24.0,19,[37],16.0
2024-03-13 09:38:52-04:00,516.49,10.0,4,[37],10.0
2024-03-13 09:39:44-04:00,516.48,100.0,12,,52.0
2024-03-13 09:40:46-04:00,516.31,100.0,11,,62.0
2024-03-13 09:40:46-04:00,516.31,100.0,8,"[14, 41]",0.0
2024-03-13 09:40:46-04:00,516.31,100.0,12,"[14, 41]",0.0
2024-03-13 09:40:46-04:00,516.31,1.0,7,[37],0.0
2024-03-13 09:40:47-04:00,516.22,100.0,19,[41],1.0
2024-03-13 09:41:00-04:00,516.23,60.0,12,[37],13.0
2024-03-13 09:41:00-04:00,516.23,40.0,12,[37],0.0
2024-03-13 09:41:00-04:00,516.21,16.0,12,"[14, 37, 41]",0.0
2024-03-13 09:44:08-04:00,516.31,10.0,19,[37],188.0
2024-03-13 09:44:35-04:00,516.23,50.0,4,[37],27.0
2024-03-13 09:45:14-04:00,516.14,1.0,4,[37],39.0
2024-03-13 09:46:49-04:00,516.13,1.0,11,[37],95.0
2024-03-13 09:46:49-04:00,516.13,18.0,11,[37],0.0
2024-03-13 09:47:19-04:00,516.115,100.0,15,,30.0
2024-03-13 09:47:19-04:00,516.11,6.0,12,[37],0.0
2024-03-13 09:49:42-04:00,516.13,100.0,8,,143.0
2024-03-13 09:49:42-04:00,516.13,100.0,19,,0.0
2024-03-13 09:50:47-04:00,516.135,100.0,4,,65.0
2024-03-13 09:53:10-04:00,516.19,100.0,12,"[14, 41]",143.0
2024-03-13 09:53:10-04:00,516.19,95.0,11,"[14, 37, 41]",0.0
2024-03-13 09:53:10-04:00,516.19,100.0,11,"[14, 41]",0.0
2024-03-13 09:53:16-04:00,516.22,50.0,4,[37],6.0
2024-03-13 09:53:29-04:00,516.23,86.0,12,[37],13.0
2024-03-13 09:53:54-04:00,516.165,100.0,4,,25.0
2024-03-13 09:55:41-04:00,516.255,100.0,4,,107.0
2024-03-13 09:56:36-04:00,516.22,50.0,15,[37],55.0
2024-03-13 09:57:31-04:00,516.1799,479.0,4,,55.0
2024-03-13 09:59:39-04:00,516.08,54.0,8,[37],128.0
2024-03-13 09:59:39-04:00,516.08,100.0,12,,0.0
2024-03-13 09:59:39-04:00,516.08,34.0,12,[37],0.0
2024-03-13 09:59:39-04:00,516.08,46.0,8,[37],0.0
2024-03-13 09:59:39-04:00,516.08,5.0,8,[37],0.0
2024-03-13 09:59:39-04:00,516.08,66.0,12,[37],0.0
2024-03-13 09:59:39-04:00,516.08,100.0,10,,0.0
2024-03-13 09:59:39-04:00,516.08,5.0,11,[37],0.0
2024-03-13 09:59:39-04:00,516.08,100.0,11,,0.0
2024-03-13 10:00:34-04:00,515.95,100.0,19,,55.0
2024-03-13 10:00:34-04:00,515.955,100.0,11,,0.0
2024-03-13 10:00:34-04:00,515.95,100.0,11,,0.0
2024-03-13 10:00:39-04:00,515.9,100.0,11,"[14, 41]",5.0
2024-03-13 10:01:13-04:00,515.95,100.0,4,,34.0
2024-03-13 10:02:18-04:00,515.89,3.0,7,[37],65.0
2024-03-13 10:05:20-04:00,516.0895,412.0,4,,182.0
2024-03-13 10:05:20-04:00,516.0895,871.0,4,,0.0
2024-03-13 10:08:14-04:00,516.165,3.0,4,[37],174.0
2024-03-13 10:08:33-04:00,516.1,100.0,8,"[14, 41]",19.0
2024-03-13 10:08:58-04:00,516.11,1.0,19,[37],25.0
2024-03-13 10:08:58-04:00,516.11,3.0,19,[37],0.0
2024-03-13 10:09:17-04:00,516.245,9.0,4,[37],19.0
2024-03-13 10:09:44-04:00,516.34,1.0,4,[37],27.0
2024-03-13 10:10:04-04:00,516.34,7.0,10,[37],20.0
2024-03-13 10:10:28-04:00,516.2579,1.0,4,[37],24.0
2024-03-13 10:10:39-04:00,516.24,100.0,19,"[14, 41]",11.0
2024-03-13 10:11:04-04:00,516.22,1.0,4,[37],25.0
2024-03-13 10:12:07-04:00,516.499,30.0,10,[37],63.0
2024-03-13 10:12:24-04:00,516.52,100.0,8,"[14, 41]",17.0
2024-03-13 10:12:40-04:00,516.56,55.0,11,[37],16.0
2024-03-13 10:12:53-04:00,516.51,100.0,8,"[14, 41]",13.0
2024-03-13 10:12:53-04:00,516.51,100.0,11,"[14, 41]",0.0
2024-03-13 10:12:53-04:00,516.51,100.0,10,"[14, 41]",0.0
2024-03-13 10:13:11-04:00,516.52,1.0,4,[37],18.0
2024-03-13 10:15:32-04:00,516.365,20.0,4,[37],141.0
2024-03-13 10:17:08-04:00,516.16,1.0,4,[37],96.0
2024-03-13 10:21:07-04:00,516.465,5.0,4,[37],239.0
2024-03-13 10:26:10-04:00,516.54,1.0,4,[37],303.0
2024-03-13 10:30:00-04:00,516.42,5.0,11,"[14, 37, 41]",230.0
2024-03-13 10:30:00-04:00,516.42,95.0,19,[37],0.0
2024-03-13 10:30:00-04:00,516.42,38.0,10,[37],0.0
2024-03-13 10:30:00-04:00,516.42,41.0,11,"[14, 37, 41]",0.0
2024-03-13 10:30:00-04:00,516.42,12.0,11,"[14, 37, 41]",0.0
2024-03-13 10:30:00-04:00,516.42,3.0,11,"[14, 37, 41]",0.0
2024-03-13 10:30:00-04:00,516.42,95.0,8,[37],0.0
2024-03-13 10:30:10-04:00,516.49,3.0,12,[37],10.0
2024-03-13 10:30:10-04:00,516.49,2.0,8,[37],0.0
2024-03-13 10:30:10-04:00,516.49,2.0,19,[37],0.0
2024-03-13 10:30:10-04:00,516.49,3.0,11,"[14, 37, 41]",0.0
2024-03-13 10:30:10-04:00,516.49,1.0,10,[37],0.0
2024-03-13 10:30:20-04:00,516.48,11.0,11,"[14, 37, 41]",10.0
2024-03-13 10:30:20-04:00,516.48,6.0,10,[37],0.0
2024-03-13 10:30:20-04:00,516.48,16.0,19,[37],0.0
2024-03-13 10:30:20-04:00,516.48,11.0,8,[37],0.0
2024-03-13 10:30:20-04:00,516.48,16.0,12,[37],0.0
2024-03-13 10:30:30-04:00,516.56,2.0,11,"[14, 37, 41]",10.0
2024-03-13 10:30:30-04:00,516.56,4.0,19,[37],0.0
2024-03-13 10:30:30-04:00,516.56,1.0,8,[37],0.0
2024-03-13 10:30:40-04:00,516.54,1.0,12,[37],10.0
2024-03-13 10:30:40-04:00,516.54,1.0,19,[37],0.0
2024-03-13 10:30:48-04:00,516.515,100.0,4,,8.0
2024-03-13 10:30:50-04:00,516.555,6.0,11,"[14, 37, 41]",2.0
2024-03-13 10:30:50-04:00,516.555,3.0,10,[37],0.0
2024-03-13 10:30:50-04:00,516.555,3.0,8,[37],0.0
